<?xml version="1.0" encoding="UTF-8"?>
<!DOCTYPE html PUBLIC "-//W3C//DTD XHTML 1.0 Transitional//EN"
    "http://www.w3.org/TR/xhtml1/DTD/xhtml1-transitional.dtd">
<html xmlns="http://www.w3.org/1999/xhtml" xml:lang="en" lang="en">
 <head>
  <title>
</title>
<meta http-equiv="Content-Type" content="text/html;charset=utf-8" />
  <meta name='ocr-system' content='tesseract 3.04.00' />
  <meta name='ocr-capabilities' content='ocr_page ocr_carea ocr_par ocr_line ocrx_word'/>
</head>
<body>
  <div class='ocr_page' id='page_1' title='image "./noctiumatticaru00gellgoog/noctiumatticaru00gellgoog_0302.png"; bbox 0 0 3046 5490; ppageno 0'>
   <div class='ocr_carea' id='block_1_1' title="bbox 197 828 900 896">
    <p class='ocr_par' dir='ltr' id='par_1_1' title="bbox 197 828 900 896">
     <span class='ocr_line' id='line_1_1' title="bbox 197 828 900 896; baseline 0.004 -3"><span class='ocrx_word' id='word_1_1' title='bbox 197 828 260 895; x_wconf 84' lang='lat'>278</span> <span class='ocrx_word' id='word_1_2' title='bbox 691 834 771 895; x_wconf 82' lang='lat' dir='ltr'>XVI.</span> <span class='ocrx_word' id='word_1_3' title='bbox 805 854 835 893; x_wconf 85' lang='lat' dir='ltr'>v.</span> <span class='ocrx_word' id='word_1_4' title='bbox 858 854 900 896; x_wconf 84' lang='lat' dir='ltr'>vr.</span> 
     </span>
    </p>
   </div>
   <div class='ocr_carea' id='block_1_2' title="bbox 192 995 1418 1377">
    <p class='ocr_par' dir='ltr' id='par_1_2' title="bbox 192 995 1418 1377">
     <span class='ocr_line' id='line_1_2' title="bbox 198 995 1418 1085; baseline 0.006 -22"><span class='ocrx_word' id='word_1_5' title='bbox 198 1005 384 1064; x_wconf 85' lang='lat' dir='ltr'>demonstrat</span> <span class='ocrx_word' id='word_1_6' title='bbox 412 1008 497 1064; x_wconf 87' lang='lat' dir='ltr'>extra</span> <span class='ocrx_word' id='word_1_7' title='bbox 524 1005 587 1066; x_wconf 88' lang='lat' dir='ltr'>orci</span> <span class='ocrx_word' id='word_1_8' title='bbox 615 1005 708 1084; x_wconf 83' lang='lat' dir='ltr'>iores,</span> <span class='ocrx_word' id='word_1_9' title='bbox 732 995 942 1067; x_wconf 86' lang='lat' dir='ltr'>‘vestibulum&#39;</span> <span class='ocrx_word' id='word_1_10' title='bbox 967 1010 997 1065; x_wconf 89' lang='lat' dir='ltr'>et</span> <span class='ocrx_word' id='word_1_11' title='bbox 1019 995 1164 1085; x_wconf 81' lang='lat' dir='ltr'>‘iancea’,</span> <span class='ocrx_word' id='word_1_12' title='bbox 1192 1024 1230 1066; x_wconf 87' lang='lat' dir='ltr'>ex</span> <span class='ocrx_word' id='word_1_13' title='bbox 1253 1008 1371 1083; x_wconf 89' lang='lat' dir='ltr'>quibus</span> <span class='ocrx_word' id='word_1_14' title='bbox 1382 1022 1418 1070; x_wconf 75' lang='lat'>45</span> 
     </span>
     <span class='ocr_line' id='line_1_3' title="bbox 192 1095 1373 1186; baseline 0.005 -21"><span class='ocrx_word' id='word_1_15' title='bbox 192 1095 404 1167; x_wconf 88' lang='lat' dir='ltr'>‘vestibulum’</span> <span class='ocrx_word' id='word_1_16' title='bbox 428 1108 562 1184; x_wconf 84' lang='lat' dir='ltr'>appellat</span> <span class='ocrx_word' id='word_1_17' title='bbox 584 1114 654 1168; x_wconf 88' lang='lat' dir='ltr'>ante</span> <span class='ocrx_word' id='word_1_18' title='bbox 683 1109 781 1185; x_wconf 82' lang='lat' dir='ltr'>ipsam</span> <span class='ocrx_word' id='word_1_19' title='bbox 812 1110 899 1184; x_wconf 89' lang='lat' dir='ltr'>qnasi</span> <span class='ocrx_word' id='word_1_20' title='bbox 928 1109 1047 1168; x_wconf 86' lang='lat' dir='ltr'>domum</span> <span class='ocrx_word' id='word_1_21' title='bbox 1071 1114 1100 1169; x_wconf 90' lang='lat' dir='ltr'>et</span> <span class='ocrx_word' id='word_1_22' title='bbox 1122 1115 1192 1170; x_wconf 89' lang='lat' dir='ltr'>ante</span> <span class='ocrx_word' id='word_1_23' title='bbox 1213 1111 1283 1186; x_wconf 85' lang='lat' dir='ltr'>ipsa</span> <span class='ocrx_word' id='word_1_24' title='bbox 1306 1113 1373 1171; x_wconf 87' lang='lat' dir='ltr'>orci</span> 
     </span>
     <span class='ocr_line' id='line_1_4' title="bbox 196 1200 1373 1290; baseline 0.003 -21"><span class='ocrx_word' id='word_1_25' title='bbox 196 1211 374 1290; x_wconf 86' lang='lat' dir='ltr'>penetralia,</span> <span class='ocrx_word' id='word_1_26' title='bbox 402 1200 534 1271; x_wconf 75' lang='lat' dir='ltr'>‘fauces’</span> <span class='ocrx_word' id='word_1_27' title='bbox 569 1215 669 1271; x_wconf 89' lang='lat' dir='ltr'>autem</span> <span class='ocrx_word' id='word_1_28' title='bbox 701 1217 791 1272; x_wconf 79' lang='lat' dir='ltr'>uocat</span> <span class='ocrx_word' id='word_1_29' title='bbox 823 1213 880 1271; x_wconf 88' lang='lat' dir='ltr'>iter</span> <span class='ocrx_word' id='word_1_30' title='bbox 914 1215 1089 1289; x_wconf 85' lang='lat' dir='ltr'>angustum,</span> <span class='ocrx_word' id='word_1_31' title='bbox 1122 1231 1179 1289; x_wconf 86' lang='lat' dir='ltr'>per</span> <span class='ocrx_word' id='word_1_32' title='bbox 1211 1213 1295 1288; x_wconf 89' lang='lat' dir='ltr'>qnod</span> <span class='ocrx_word' id='word_1_33' title='bbox 1331 1214 1373 1273; x_wconf 84' lang='lat' dir='ltr'>ad</span> 
     </span>
     <span class='ocr_line' id='line_1_5' title="bbox 196 1309 558 1377; baseline 0.014 -5"><span class='ocrx_word' id='word_1_34' title='bbox 196 1314 379 1374; x_wconf 88' lang='lat' dir='ltr'>vestibulum</span> <span class='ocrx_word' id='word_1_35' title='bbox 402 1309 558 1377; x_wconf 89' lang='lat' dir='ltr'>adiretur’.</span> 
     </span>
    </p>
   </div>
   <div class='ocr_carea' id='block_1_3' title="bbox 756 1465 816 1532">
    <p class='ocr_par' dir='ltr' id='par_1_3' title="bbox 756 1465 816 1532">
     <span class='ocr_line' id='line_1_6' title="bbox 756 1465 816 1532; baseline 0 0"><span class='ocrx_word' id='word_1_36' title='bbox 756 1465 816 1532; x_wconf 83' lang='lat' dir='ltr'>vl.</span> 
     </span>
    </p>
   </div>
   <div class='ocr_carea' id='block_1_4' title="bbox 197 1582 1370 1742">
    <p class='ocr_par' dir='ltr' id='par_1_4' title="bbox 197 1582 1370 1742">
     <span class='ocr_line' id='line_1_7' title="bbox 197 1582 1370 1655; baseline -0.001 -19"><span class='ocrx_word' id='word_1_37' title='bbox 197 1583 321 1653; x_wconf 80' lang='lat' dir='ltr'>Hostiae,</span> <span class='ocrx_word' id='word_1_38' title='bbox 340 1600 412 1653; x_wconf 87' lang='lat' dir='ltr'>quae</span> <span class='ocrx_word' id='word_1_39' title='bbox 434 1586 563 1639; x_wconf 88' lang='lat' dir='ltr'>dicuntur</span> <span class='ocrx_word' id='word_1_40' title='bbox 581 1582 738 1655; x_wconf 79' lang='lat' dir='ltr'>‘bidentes&#39;,</span> <span class='ocrx_word' id='word_1_41' title='bbox 762 1586 829 1655; x_wconf 91' lang='lat' dir='ltr'>quid</span> <span class='ocrx_word' id='word_1_42' title='bbox 853 1588 909 1638; x_wconf 90' lang='lat' dir='ltr'>sint</span> <span class='ocrx_word' id='word_1_43' title='bbox 927 1591 954 1637; x_wconf 89' lang='lat' dir='ltr'>et</span> <span class='ocrx_word' id='word_1_44' title='bbox 972 1601 1056 1653; x_wconf 90' lang='lat' dir='ltr'>qnam</span> <span class='ocrx_word' id='word_1_45' title='bbox 1076 1584 1111 1636; x_wconf 94' lang='lat' dir='ltr'>ob</span> <span class='ocrx_word' id='word_1_46' title='bbox 1131 1599 1242 1636; x_wconf 82' lang='lat' dir='ltr'>eausam</span> <span class='ocrx_word' id='word_1_47' title='bbox 1260 1585 1300 1636; x_wconf 83' lang='lat' dir='ltr'>ita</span> <span class='ocrx_word' id='word_1_48' title='bbox 1320 1599 1370 1654; x_wconf 82' lang='lat' dir='ltr'>ap-</span> 
     </span>
     <span class='ocr_line' id='line_1_8' title="bbox 250 1670 1321 1742; baseline 0.002 -20"><span class='ocrx_word' id='word_1_49' title='bbox 250 1670 370 1738; x_wconf 83' lang='lat' dir='ltr'>pellatae</span> <span class='ocrx_word' id='word_1_50' title='bbox 388 1674 457 1738; x_wconf 71' lang='lat' dir='ltr'>sint,</span> <span class='ocrx_word' id='word_1_51' title='bbox 475 1688 616 1741; x_wconf 83' lang='lat' dir='ltr'>superque</span> <span class='ocrx_word' id='word_1_52' title='bbox 635 1689 668 1726; x_wconf 86' lang='lat' dir='ltr'>ea</span> <span class='ocrx_word' id='word_1_53' title='bbox 686 1690 715 1727; x_wconf 89' lang='lat' dir='ltr'>re</span> <span class='ocrx_word' id='word_1_54' title='bbox 733 1675 762 1727; x_wconf 88' lang='lat' dir='ltr'>P.</span> <span class='ocrx_word' id='word_1_55' title='bbox 781 1673 889 1742; x_wconf 80' lang='lat' dir='ltr'>Nigidii</span> <span class='ocrx_word' id='word_1_56' title='bbox 907 1678 934 1724; x_wconf 84' lang='lat' dir='ltr'>et</span> <span class='ocrx_word' id='word_1_57' title='bbox 951 1672 1016 1724; x_wconf 90' lang='lat' dir='ltr'>Iulii</span> <span class='ocrx_word' id='word_1_58' title='bbox 1035 1671 1139 1738; x_wconf 83' lang='lat' dir='ltr'>Hygini</span> <span class='ocrx_word' id='word_1_59' title='bbox 1158 1673 1321 1724; x_wconf 76' lang='lat' dir='ltr'>sententiae.</span> 
     </span>
    </p>
   </div>
   <div class='ocr_carea' id='block_1_5' title="bbox 165 1778 1429 2679">
    <p class='ocr_par' dir='ltr' id='par_1_5' title="bbox 165 1778 1429 2679">
     <span class='ocr_line' id='line_1_9' title="bbox 167 1778 1369 1857; baseline 0.003 -22"><span class='ocrx_word' id='word_1_60' title='bbox 167 1778 177 1835; x_wconf 91' lang='grc'>1</span> <span class='ocrx_word' id='word_1_61' title='bbox 284 1778 458 1839; x_wconf 86' lang='lat' dir='ltr'>Redeuntes</span> <span class='ocrx_word' id='word_1_62' title='bbox 481 1779 619 1857; x_wconf 78' lang='lat' dir='ltr'>Graecia,</span> <span class='ocrx_word' id='word_1_63' title='bbox 642 1782 834 1841; x_wconf 82' lang='lat' dir='ltr'>Brundisium</span> <span class='ocrx_word' id='word_1_64' title='bbox 848 1798 956 1839; x_wconf 79' lang='lat' dir='ltr'>narem</span> <span class='ocrx_word' id='word_1_65' title='bbox 977 1779 1170 1839; x_wconf 82' lang='lat' dir='ltr'>advertimus.</span> <span class='ocrx_word' id='word_1_66' title='bbox 1214 1779 1261 1839; x_wconf 92' lang='lat' dir='ltr'>lbi</span> <span class='ocrx_word' id='word_1_67' title='bbox 1285 1779 1369 1853; x_wconf 89' lang='lat' dir='ltr'>quis·</span> 
     </span>
     <span class='ocr_line' id='line_1_10' title="bbox 198 1881 1414 1963; baseline -0.003 -24"><span class='ocrx_word' id='word_1_68' title='bbox 198 1882 280 1957; x_wconf 86' lang='lat' dir='ltr'>piam</span> <span class='ocrx_word' id='word_1_69' title='bbox 312 1882 433 1958; x_wconf 81' lang='lat' dir='ltr'>linguae</span> <span class='ocrx_word' id='word_1_70' title='bbox 460 1884 587 1943; x_wconf 79' lang='lat' dir='ltr'>Latinae</span> <span class='ocrx_word' id='word_1_71' title='bbox 616 1885 778 1963; x_wconf 85' lang='lat' dir='ltr'>litterator,</span> <span class='ocrx_word' id='word_1_72' title='bbox 807 1885 905 1943; x_wconf 86' lang='lat' dir='ltr'>Roma</span> <span class='ocrx_word' id='word_1_73' title='bbox 932 1901 950 1941; x_wconf 92' lang='lat' dir='ltr'>a</span> <span class='ocrx_word' id='word_1_74' title='bbox 977 1882 1166 1942; x_wconf 79' lang='lat' dir='ltr'>Brundisinis</span> <span class='ocrx_word' id='word_1_75' title='bbox 1189 1881 1368 1960; x_wconf 82' lang='lat' dir='ltr'>accersitus,</span> <span class='ocrx_word' id='word_1_76' title='bbox 1398 1888 1414 1935; x_wconf 79' lang='lat'><strong>5</strong></span> 
     </span>
     <span class='ocr_line' id='line_1_11' title="bbox 165 1984 1370 2062; baseline 0.002 -20"><span class='ocrx_word' id='word_1_77' title='bbox 165 1984 417 2060; x_wconf 78' lang='lat' dir='ltr'>zexperiundum</span> <span class='ocrx_word' id='word_1_78' title='bbox 446 2003 515 2045; x_wconf 85' lang='lat' dir='ltr'>sese</span> <span class='ocrx_word' id='word_1_79' title='bbox 543 1987 634 2062; x_wconf 84' lang='lat' dir='ltr'>vulgo</span> <span class='ocrx_word' id='word_1_80' title='bbox 662 1986 763 2045; x_wconf 87' lang='lat' dir='ltr'>dabat.</span> <span class='ocrx_word' id='word_1_81' title='bbox 814 1989 895 2045; x_wconf 91' lang='lat' dir='ltr'>Imus</span> <span class='ocrx_word' id='word_1_82' title='bbox 924 1985 963 2045; x_wconf 90' lang='lat' dir='ltr'>ad</span> <span class='ocrx_word' id='word_1_83' title='bbox 991 2004 1059 2045; x_wconf 89' lang='lat' dir='ltr'>eum</span> <span class='ocrx_word' id='word_1_84' title='bbox 1087 2002 1144 2044; x_wconf 90' lang='lat' dir='ltr'>nos</span> <span class='ocrx_word' id='word_1_85' title='bbox 1168 2001 1290 2060; x_wconf 86' lang='lat' dir='ltr'>quoque</span> <span class='ocrx_word' id='word_1_86' title='bbox 1313 1984 1370 2044; x_wconf 87' lang='lat' dir='ltr'>cb-</span> 
     </span>
     <span class='ocr_line' id='line_1_12' title="bbox 198 2087 1370 2167; baseline -0.001 -20"><span class='ocrx_word' id='word_1_87' title='bbox 198 2088 370 2149; x_wconf 85' lang='lat' dir='ltr'>lactamenti</span> <span class='ocrx_word' id='word_1_88' title='bbox 402 2089 514 2167; x_wconf 87' lang='lat' dir='ltr'>gratia,</span> <span class='ocrx_word' id='word_1_89' title='bbox 549 2094 613 2148; x_wconf 88' lang='lat' dir='ltr'>erat</span> <span class='ocrx_word' id='word_1_90' title='bbox 641 2090 719 2148; x_wconf 91' lang='lat' dir='ltr'>enim</span> <span class='ocrx_word' id='word_1_91' title='bbox 748 2089 849 2148; x_wconf 85' lang='lat' dir='ltr'>fessus</span> <span class='ocrx_word' id='word_1_92' title='bbox 878 2093 970 2164; x_wconf 89' lang='lat' dir='ltr'>atque</span> <span class='ocrx_word' id='word_1_93' title='bbox 998 2090 1145 2165; x_wconf 81' lang='lat' dir='ltr'>languens</span> <span class='ocrx_word' id='word_1_94' title='bbox 1178 2088 1294 2147; x_wconf 90' lang='lat' dir='ltr'>animus</span> <span class='ocrx_word' id='word_1_95' title='bbox 1329 2087 1370 2146; x_wconf 91' lang='lat' dir='ltr'>de</span> 
     </span>
     <span class='ocr_line' id='line_1_13' title="bbox 166 2189 1369 2268; baseline -0.002 -17"><span class='ocrx_word' id='word_1_96' title='bbox 166 2192 181 2251; x_wconf 78' lang='grc'>3</span> <span class='ocrx_word' id='word_1_97' title='bbox 199 2195 286 2251; x_wconf 85' lang='lat' dir='ltr'>aestu</span> <span class='ocrx_word' id='word_1_98' title='bbox 308 2191 408 2252; x_wconf 88' lang='lat' dir='ltr'>maris.</span> <span class='ocrx_word' id='word_1_99' title='bbox 452 2189 590 2266; x_wconf 85' lang='lat' dir='ltr'>Legebat</span> <span class='ocrx_word' id='word_1_100' title='bbox 610 2192 739 2251; x_wconf 85' lang='lat' dir='ltr'>barbare</span> <span class='ocrx_word' id='word_1_101' title='bbox 760 2191 929 2267; x_wconf 76' lang='lat' dir='ltr'>insciteque</span> <span class='ocrx_word' id='word_1_102' title='bbox 956 2191 1122 2268; x_wconf 85' lang='lat' dir='ltr'>Vergilii</span> <span class='ocrx_word' id='word_1_103' title='bbox 1151 2189 1369 2268; x_wconf 89' lang='lat' dir='ltr'>septimum,</span> 
     </span>
     <span class='ocr_line' id='line_1_14' title="bbox 199 2292 1429 2369; baseline 0.003 -17"><span class='ocrx_word' id='word_1_104' title='bbox 199 2294 230 2352; x_wconf 93' lang='lat' dir='ltr'>in</span> <span class='ocrx_word' id='word_1_105' title='bbox 254 2311 314 2369; x_wconf 88' lang='lat' dir='ltr'>quc</span> <span class='ocrx_word' id='word_1_106' title='bbox 337 2292 414 2351; x_wconf 85' lang='lat' dir='ltr'>libro</span> <span class='ocrx_word' id='word_1_107' title='bbox 437 2292 486 2352; x_wconf 92' lang='lat' dir='ltr'>hic</span> <span class='ocrx_word' id='word_1_108' title='bbox 507 2310 614 2353; x_wconf 88' lang='lat' dir='ltr'>versus</span> <span class='ocrx_word' id='word_1_109' title='bbox 637 2298 698 2354; x_wconf 89' lang='lat' dir='ltr'>est:</span> <span class='ocrx_word' id='word_1_110' title='bbox 1423 2360 1429 2369; x_wconf 70' lang='grc'>,</span> 
     </span>
     <span class='ocr_line' id='line_1_15' title="bbox 244 2394 1414 2475; baseline 0.001 -20"><span class='ocrx_word' id='word_1_111' title='bbox 244 2394 398 2455; x_wconf 78' lang='lat' dir='ltr'>Centum</span> <span class='ocrx_word' id='word_1_112' title='bbox 421 2397 615 2473; x_wconf 88' lang='lat' dir='ltr'>lanigeras</span> <span class='ocrx_word' id='word_1_113' title='bbox 637 2397 828 2457; x_wconf 89' lang='lat' dir='ltr'>mactabat</span> <span class='ocrx_word' id='word_1_114' title='bbox 849 2397 921 2456; x_wconf 87' lang='lat' dir='ltr'>rite</span> <span class='ocrx_word' id='word_1_115' title='bbox 943 2397 1135 2475; x_wconf 85' lang='lat' dir='ltr'>bidentis,</span> <span class='ocrx_word' id='word_1_116' title='bbox 1381 2402 1414 2448; x_wconf 87' lang='lat'>1⁰</span> 
     </span>
     <span class='ocr_line' id='line_1_16' title="bbox 165 2482 1369 2577; baseline 0.002 -21"><span class='ocrx_word' id='word_1_117' title='bbox 165 2500 231 2556; x_wconf 75' lang='lat' dir='ltr'>iet</span> <span class='ocrx_word' id='word_1_118' title='bbox 252 2482 376 2556; x_wconf 79' lang='lat' dir='ltr'>iubcbat</span> <span class='ocrx_word' id='word_1_119' title='bbox 398 2516 505 2574; x_wconf 85' lang='lat' dir='ltr'>rogare</span> <span class='ocrx_word' id='word_1_120' title='bbox 534 2517 578 2577; x_wconf 88' lang='lat' dir='ltr'>se,</span> <span class='ocrx_word' id='word_1_121' title='bbox 608 2500 634 2559; x_wconf 92' lang='lat' dir='ltr'>si</span> <span class='ocrx_word' id='word_1_122' title='bbox 662 2500 732 2574; x_wconf 86' lang='lat' dir='ltr'>quis</span> <span class='ocrx_word' id='word_1_123' title='bbox 755 2498 829 2575; x_wconf 91' lang='lat' dir='ltr'>quid</span> <span class='ocrx_word' id='word_1_124' title='bbox 852 2499 983 2558; x_wconf 89' lang='lat' dir='ltr'>omnium</span> <span class='ocrx_word' id='word_1_125' title='bbox 1005 2516 1102 2557; x_wconf 89' lang='lat' dir='ltr'>rerum</span> <span class='ocrx_word' id='word_1_126' title='bbox 1124 2499 1217 2558; x_wconf 83' lang='lat' dir='ltr'>vellet</span> <span class='ocrx_word' id='word_1_127' title='bbox 1239 2498 1369 2559; x_wconf 84' lang='lat' dir='ltr'>discere.</span> 
     </span>
     <span class='ocr_line' id='line_1_17' title="bbox 165 2593 1369 2679; baseline 0.003 -23"><span class='ocrx_word' id='word_1_128' title='bbox 165 2600 181 2655; x_wconf 77' lang='lat' dir='ltr'>b</span> <span class='ocrx_word' id='word_1_129' title='bbox 199 2599 275 2658; x_wconf 81' lang='lat' dir='ltr'>Tum</span> <span class='ocrx_word' id='word_1_130' title='bbox 289 2616 345 2675; x_wconf 86' lang='lat' dir='ltr'>ego</span> <span class='ocrx_word' id='word_1_131' title='bbox 358 2600 472 2660; x_wconf 88' lang='lat' dir='ltr'>indocti</span> <span class='ocrx_word' id='word_1_132' title='bbox 482 2601 612 2662; x_wconf 87' lang='lat' dir='ltr'>hominis</span> <span class='ocrx_word' id='word_1_133' title='bbox 625 2601 835 2661; x_wconf 85' lang='lat' dir='ltr'>confidentiam</span> <span class='ocrx_word' id='word_1_134' title='bbox 848 2602 1026 2661; x_wconf 82' lang='lat' dir='ltr'>demiratus:</span> <span class='ocrx_word' id='word_1_135' title='bbox 1044 2593 1219 2678; x_wconf 87' lang='lat' dir='ltr'>‘doccsne&#39;,</span> <span class='ocrx_word' id='word_1_136' title='bbox 1232 2600 1369 2679; x_wconf 89' lang='lat' dir='ltr'>inquam,</span> 
     </span>
    </p>
   </div>
   <div class='ocr_carea' id='block_1_6' title="bbox 194 2819 1397 3755">
    <p class='ocr_par' dir='ltr' id='par_1_6' title="bbox 288 2819 513 2889">
     <span class='ocr_line' id='line_1_18' title="bbox 288 2819 513 2889; baseline 0.004 -16"><span class='ocrx_word' id='word_1_137' title='bbox 288 2819 513 2889; x_wconf 75' lang='lat' dir='ltr'>QZXOHNTY</span> 
     </span>
    </p>

    <p class='ocr_par' dir='ltr' id='par_1_7' title="bbox 198 2903 1372 3323">
     <span class='ocr_line' id='line_1_19' title="bbox 287 2903 1371 2978; baseline 0.001 -20"><span class='ocrx_word' id='word_1_138' title='bbox 287 2907 320 2960; x_wconf 77' lang='lat'>45</span> <span class='ocrx_word' id='word_1_139' title='bbox 345 2908 429 2977; x_wconf 85' lang='lat' dir='ltr'>sores]</span> <span class='ocrx_word' id='word_1_140' title='bbox 453 2909 534 2978; x_wconf 59' lang='lat' dir='ltr'>sebas</span> <span class='ocrx_word' id='word_1_141' title='bbox 558 2906 589 2961; x_wconf 88' lang='lat' dir='ltr'>X</span> <span class='ocrx_word' id='word_1_142' title='bbox 638 2906 647 2977; x_wconf 95' lang='grc' dir='ltr'>Η</span> <span class='ocrx_word' id='word_1_143' title='bbox 701 2909 779 2960; x_wconf 89' lang='lat' dir='ltr'>sanes</span> <span class='ocrx_word' id='word_1_144' title='bbox 802 2905 833 2960; x_wconf 90' lang='lat' dir='ltr'><strong><em>X</em></strong></span> <span class='ocrx_word' id='word_1_145' title='bbox 838 2923 884 2975; x_wconf 79' lang='lat' dir='ltr'>pr.</span> <span class='ocrx_word' id='word_1_146' title='bbox 936 2906 945 2976; x_wconf 91' lang='grc' dir='ltr'>Η</span> <span class='ocrx_word' id='word_1_147' title='bbox 998 2907 1032 2959; x_wconf 78' lang='grc'>46</span> <span class='ocrx_word' id='word_1_148' title='bbox 1054 2904 1232 2973; x_wconf 89' lang='lat' dir='ltr'>vestibulum]</span> <span class='ocrx_word' id='word_1_149' title='bbox 1254 2903 1318 2974; x_wconf 79' lang='lat' dir='ltr'>QZ:</span> <span class='ocrx_word' id='word_1_150' title='bbox 1341 2911 1371 2959; x_wconf 85' lang='lat' dir='ltr'>et</span> 
     </span>
     <span class='ocr_line' id='line_1_20' title="bbox 200 2988 1370 3064; baseline -0.004 -16"><span class='ocrx_word' id='word_1_151' title='bbox 200 2993 334 3062; x_wconf 71' lang='lat' dir='ltr'>(proxim</span> <span class='ocrx_word' id='word_1_152' title='bbox 345 2997 371 3047; x_wconf 87' lang='lat' dir='ltr'>et</span> <span class='ocrx_word' id='word_1_153' title='bbox 383 3010 473 3062; x_wconf 60' lang='lat' dir='ltr'>macc.</span> <span class='ocrx_word' id='word_1_154' title='bbox 485 2996 512 3047; x_wconf 82' lang='lat' dir='ltr'>ct</span> <span class='ocrx_word' id='word_1_155' title='bbox 522 2997 572 3063; x_wconf 79' lang='lat' dir='ltr'>aq.)</span> <span class='ocrx_word' id='word_1_156' title='bbox 590 2995 762 3047; x_wconf 87' lang='lat' dir='ltr'>uestibulum</span> <span class='ocrx_word' id='word_1_157' title='bbox 796 2993 806 3064; x_wconf 92' lang='grc' dir='ltr'>Η</span> <span class='ocrx_word' id='word_1_158' title='bbox 838 2994 903 3061; x_wconf 80' lang='lat' dir='ltr'>sort.</span> <span class='ocrx_word' id='word_1_159' title='bbox 912 2995 977 3061; x_wconf 81' lang='lat' dir='ltr'>post</span> <span class='ocrx_word' id='word_1_160' title='bbox 993 2993 1050 3044; x_wconf 87' lang='lat' dir='ltr'>ium</span> <span class='ocrx_word' id='word_1_161' title='bbox 1068 2992 1127 3062; x_wconf 79' lang='lat' dir='ltr'>cyil.</span> <span class='ocrx_word' id='word_1_162' title='bbox 1140 2988 1237 3044; x_wconf 74' lang='lat' dir='ltr'>excidit</span> <span class='ocrx_word' id='word_1_163' title='bbox 1247 2991 1340 3043; x_wconf 89' lang='lat' dir='ltr'>locum</span> <span class='ocrx_word' id='word_1_164' title='bbox 1359 2990 1370 3063; x_wconf 85' lang='grc' dir='ltr'>Η</span> 
     </span>
     <span class='ocr_line' id='line_1_21' title="bbox 200 3077 1370 3151; baseline -0.001 -19"><span class='ocrx_word' id='word_1_165' title='bbox 200 3081 343 3149; x_wconf 83' lang='lat' dir='ltr'>appellant</span> <span class='ocrx_word' id='word_1_166' title='bbox 362 3079 473 3150; x_wconf 60' lang='grc' dir='ltr'>ΘΗΜ</span> <span class='ocrx_word' id='word_1_167' title='bbox 517 3080 527 3151; x_wconf 92' lang='grc' dir='ltr'>Η</span> <span class='ocrx_word' id='word_1_168' title='bbox 574 3081 664 3150; x_wconf 83' lang='lat' dir='ltr'>quasi]</span> <span class='ocrx_word' id='word_1_169' title='bbox 686 3079 747 3149; x_wconf 84' lang='lat' dir='ltr'>QZ:</span> <span class='ocrx_word' id='word_1_170' title='bbox 765 3096 816 3134; x_wconf 71' lang='lat' dir='ltr'>can.</span> <span class='ocrx_word' id='word_1_171' title='bbox 860 3079 870 3147; x_wconf 93' lang='grc' dir='ltr'>Η</span> <span class='ocrx_word' id='word_1_172' title='bbox 916 3080 1030 3132; x_wconf 89' lang='lat' dir='ltr'>domum</span> <span class='ocrx_word' id='word_1_173' title='bbox 1050 3078 1085 3147; x_wconf 86' lang='lat' dir='ltr'>et]</span> <span class='ocrx_word' id='word_1_174' title='bbox 1107 3101 1135 3124; x_wconf 92' lang='lat'>=</span> <span class='ocrx_word' id='word_1_175' title='bbox 1154 3094 1188 3131; x_wconf 81' lang='lat' dir='ltr'>x:</span> <span class='ocrx_word' id='word_1_176' title='bbox 1206 3077 1322 3129; x_wconf 90' lang='lat' dir='ltr'>domum</span> <span class='ocrx_word' id='word_1_177' title='bbox 1339 3083 1370 3131; x_wconf 85' lang='lat' dir='ltr'>et</span> 
     </span>
     <span class='ocr_line' id='line_1_22' title="bbox 198 3163 1372 3235; baseline -0.001 -16"><span class='ocrx_word' id='word_1_178' title='bbox 198 3173 262 3219; x_wconf 87' lang='lat' dir='ltr'>ante</span> <span class='ocrx_word' id='word_1_179' title='bbox 280 3170 370 3235; x_wconf 88' lang='lat' dir='ltr'>ipsam</span> <span class='ocrx_word' id='word_1_180' title='bbox 389 3167 503 3220; x_wconf 88' lang='lat' dir='ltr'>domum</span> <span class='ocrx_word' id='word_1_181' title='bbox 521 3181 586 3220; x_wconf 86' lang='lat' dir='ltr'>voce.</span> <span class='ocrx_word' id='word_1_182' title='bbox 600 3182 690 3234; x_wconf 77' lang='lat' dir='ltr'>praec.</span> <span class='ocrx_word' id='word_1_183' title='bbox 708 3165 777 3220; x_wconf 76' lang='lat' dir='ltr'>male</span> <span class='ocrx_word' id='word_1_184' title='bbox 792 3164 935 3235; x_wconf 66' lang='lat' dir='ltr'>gestientia</span> <span class='ocrx_word' id='word_1_185' title='bbox 952 3163 983 3218; x_wconf 91' lang='lat' dir='ltr'><strong><em>X</em></strong></span> <span class='ocrx_word' id='word_1_186' title='bbox 1015 3164 1025 3233; x_wconf 91' lang='grc' dir='ltr'>Η</span> <span class='ocrx_word' id='word_1_187' title='bbox 1067 3170 1094 3216; x_wconf 88' lang='lat' dir='ltr'>et</span> <span class='ocrx_word' id='word_1_188' title='bbox 1112 3163 1184 3232; x_wconf 83' lang='lat' dir='ltr'>ante]</span> <span class='ocrx_word' id='word_1_189' title='bbox 1204 3179 1219 3232; x_wconf 91' lang='lat'>7</span> <span class='ocrx_word' id='word_1_190' title='bbox 1237 3169 1301 3215; x_wconf 87' lang='lat' dir='ltr'>ante</span> <span class='ocrx_word' id='word_1_191' title='bbox 1320 3180 1335 3233; x_wconf 89' lang='lat'><em>7</em></span> <span class='ocrx_word' id='word_1_192' title='bbox 1353 3181 1372 3218; x_wconf 78' lang='lat' dir='ltr'><em>z</em></span> 
     </span>
     <span class='ocr_line' id='line_1_23' title="bbox 198 3252 666 3323; baseline 0.002 -18"><span class='ocrx_word' id='word_1_193' title='bbox 198 3260 261 3305; x_wconf 85' lang='lat' dir='ltr'>ante</span> <span class='ocrx_word' id='word_1_194' title='bbox 280 3253 308 3307; x_wconf 87' lang='lat' dir='ltr'><em>Z</em></span> <span class='ocrx_word' id='word_1_195' title='bbox 339 3253 349 3323; x_wconf 95' lang='grc' dir='ltr'>Η</span> <span class='ocrx_word' id='word_1_196' title='bbox 383 3253 418 3309; x_wconf 80' lang='lat'>48</span> <span class='ocrx_word' id='word_1_197' title='bbox 435 3254 576 3306; x_wconf 74' lang='lat' dir='ltr'>adairetur</span> <span class='ocrx_word' id='word_1_198' title='bbox 593 3252 624 3306; x_wconf 98' lang='lat' dir='ltr'><strong><em>X</em></strong></span> <span class='ocrx_word' id='word_1_199' title='bbox 656 3254 666 3323; x_wconf 94' lang='grc' dir='ltr'>Η</span> 
     </span>
    </p>

    <p class='ocr_par' dir='ltr' id='par_1_8' title="bbox 194 3336 1397 3755">
     <span class='ocr_line' id='line_1_24' title="bbox 288 3336 1397 3408; baseline 0.002 -17"><span class='ocrx_word' id='word_1_200' title='bbox 288 3340 336 3392; x_wconf 83' lang='lat' dir='ltr'>vi:</span> <span class='ocrx_word' id='word_1_201' title='bbox 363 3338 394 3393; x_wconf 86' lang='lat' dir='ltr'>de</span> <span class='ocrx_word' id='word_1_202' title='bbox 419 3356 493 3393; x_wconf 75' lang='lat' dir='ltr'>ecum.</span> <span class='ocrx_word' id='word_1_203' title='bbox 520 3342 584 3393; x_wconf 81' lang='lat' dir='ltr'>note</span> <span class='ocrx_word' id='word_1_204' title='bbox 605 3341 639 3408; x_wconf 77' lang='lat' dir='ltr'>cf.</span> <span class='ocrx_word' id='word_1_205' title='bbox 662 3339 725 3394; x_wconf 80' lang='lat' dir='ltr'>adn.</span> <span class='ocrx_word' id='word_1_206' title='bbox 747 3339 783 3393; x_wconf 84' lang='lat' dir='ltr'>ad</span> <span class='ocrx_word' id='word_1_207' title='bbox 806 3339 891 3393; x_wconf 70' lang='lat' dir='ltr'>bruna</span> <span class='ocrx_word' id='word_1_208' title='bbox 914 3341 940 3392; x_wconf 86' lang='lat' dir='ltr'>ct</span> <span class='ocrx_word' id='word_1_209' title='bbox 961 3338 1028 3405; x_wconf 77' lang='lat' dir='ltr'>ad§</span> <span class='ocrx_word' id='word_1_210' title='bbox 1050 3339 1090 3393; x_wconf 83' lang='lat'>12.</span> <span class='ocrx_word' id='word_1_211' title='bbox 1130 3337 1234 3392; x_wconf 75' lang='lat' dir='ltr'>Exstat</span> <span class='ocrx_word' id='word_1_212' title='bbox 1251 3336 1280 3392; x_wconf 81' lang='lat' dir='ltr'>ia</span> <span class='ocrx_word' id='word_1_213' title='bbox 1303 3338 1367 3393; x_wconf 89' lang='lat' dir='ltr'>TY.</span> <span class='ocrx_word' id='word_1_214' title='bbox 1393 3374 1397 3381; x_wconf 95' lang='lat'>-</span> 
     </span>
     <span class='ocr_line' id='line_1_25' title="bbox 198 3425 1365 3495; baseline -0.001 -14"><span class='ocrx_word' id='word_1_215' title='bbox 198 3425 411 3493; x_wconf 70' lang='lat' dir='ltr'>Eecea’paecamt</span> <span class='ocrx_word' id='word_1_216' title='bbox 427 3429 452 3479; x_wconf 82' lang='lat' dir='ltr'>et</span> <span class='ocrx_word' id='word_1_217' title='bbox 474 3425 662 3481; x_wconf 72' lang='lat' dir='ltr'>Nouianae.</span> <span class='ocrx_word' id='word_1_218' title='bbox 681 3427 806 3480; x_wconf 89' lang='lat' dir='ltr'>bidentes</span> <span class='ocrx_word' id='word_1_219' title='bbox 826 3443 856 3494; x_wconf 79' lang='lat' dir='ltr'>p.</span> <span class='ocrx_word' id='word_1_220' title='bbox 875 3425 918 3494; x_wconf 81' lang='lat'>53,</span> <span class='ocrx_word' id='word_1_221' title='bbox 938 3426 969 3480; x_wconf 79' lang='lat'>18</span> <span class='ocrx_word' id='word_1_222' title='bbox 989 3425 1029 3480; x_wconf 83' lang='lat' dir='ltr'>M.</span> <span class='ocrx_word' id='word_1_223' title='bbox 1053 3426 1096 3495; x_wconf 78' lang='lat' dir='ltr'>(cf.</span> <span class='ocrx_word' id='word_1_224' title='bbox 1114 3425 1131 3478; x_wconf 76' lang='lat' dir='ltr'>b</span> <span class='ocrx_word' id='word_1_225' title='bbox 1144 3442 1174 3493; x_wconf 77' lang='lat' dir='ltr'>p.</span> <span class='ocrx_word' id='word_1_226' title='bbox 1193 3425 1277 3491; x_wconf 66' lang='lat'><strong>3431»</strong></span> <span class='ocrx_word' id='word_1_227' title='bbox 1298 3442 1365 3480; x_wconf 80' lang='lat' dir='ltr'>ann.</span> 
     </span>
     <span class='ocr_line' id='line_1_26' title="bbox 194 3511 1368 3582; baseline 0 -16"><span class='ocrx_word' id='word_1_228' title='bbox 194 3512 263 3582; x_wconf 73' lang='lat' dir='ltr'>pail.</span> <span class='ocrx_word' id='word_1_229' title='bbox 281 3512 324 3581; x_wconf 82' lang='lat'>85,</span> <span class='ocrx_word' id='word_1_230' title='bbox 342 3513 403 3580; x_wconf 82' lang='lat'>715)</span> <span class='ocrx_word' id='word_1_231' title='bbox 421 3514 447 3566; x_wconf 86' lang='lat' dir='ltr'>et</span> <span class='ocrx_word' id='word_1_232' title='bbox 464 3511 552 3567; x_wconf 84' lang='lat' dir='ltr'>Maer.</span> <span class='ocrx_word' id='word_1_233' title='bbox 573 3511 631 3567; x_wconf 84' lang='lat' dir='ltr'>Sat</span> <span class='ocrx_word' id='word_1_234' title='bbox 650 3514 687 3565; x_wconf 89' lang='lat' dir='ltr'>VI</span> <span class='ocrx_word' id='word_1_235' title='bbox 699 3514 724 3582; x_wconf 89' lang='lat'>9,</span> <span class='ocrx_word' id='word_1_236' title='bbox 741 3514 752 3565; x_wconf 98' lang='lat' dir='ltr'><strong>l</strong></span> <span class='ocrx_word' id='word_1_237' title='bbox 772 3528 836 3580; x_wconf 64' lang='lat' dir='ltr'>aqu,</span> <span class='ocrx_word' id='word_1_238' title='bbox 854 3514 911 3564; x_wconf 84' lang='lat' dir='ltr'>ium</span> <span class='ocrx_word' id='word_1_239' title='bbox 929 3515 942 3576; x_wconf 82' lang='lat'>§</span> <span class='ocrx_word' id='word_1_240' title='bbox 964 3513 994 3565; x_wconf 78' lang='lat'>12</span> <span class='ocrx_word' id='word_1_241' title='bbox 1012 3528 1066 3580; x_wconf 76' lang='lat' dir='ltr'>sqq.</span> <span class='ocrx_word' id='word_1_242' title='bbox 1085 3511 1191 3580; x_wconf 78' lang='lat' dir='ltr'>Papiae</span> <span class='ocrx_word' id='word_1_243' title='bbox 1206 3512 1284 3582; x_wconf 76' lang='lat' dir='ltr'>glosa.</span> <span class='ocrx_word' id='word_1_244' title='bbox 1302 3528 1324 3566; x_wconf 77' lang='lat' dir='ltr'>a.</span> <span class='ocrx_word' id='word_1_245' title='bbox 1342 3528 1368 3567; x_wconf 80' lang='lat' dir='ltr'>a.</span> 
     </span>
     <span class='ocr_line' id='line_1_27' title="bbox 200 3596 1369 3671; baseline 0.001 -19"><span class='ocrx_word' id='word_1_246' title='bbox 200 3599 299 3652; x_wconf 90' lang='lat' dir='ltr'>bidens</span> <span class='ocrx_word' id='word_1_247' title='bbox 347 3599 356 3669; x_wconf 98' lang='grc' dir='ltr'>Η</span> <span class='ocrx_word' id='word_1_248' title='bbox 402 3597 508 3667; x_wconf 76' lang='lat' dir='ltr'>(kmm.)</span> <span class='ocrx_word' id='word_1_249' title='bbox 526 3600 563 3651; x_wconf 94' lang='lat' dir='ltr'>VI</span> <span class='ocrx_word' id='word_1_250' title='bbox 577 3601 750 3671; x_wconf 73' lang='lat' dir='ltr'>praepararant</span> <span class='ocrx_word' id='word_1_251' title='bbox 768 3596 908 3667; x_wconf 80' lang='lat' dir='ltr'><strong><em>QXOHN</em></strong></span> <span class='ocrx_word' id='word_1_252' title='bbox 957 3599 966 3667; x_wconf 94' lang='grc' dir='ltr'>Η</span> <span class='ocrx_word' id='word_1_253' title='bbox 1019 3600 1145 3669; x_wconf 73' lang='grc' dir='ltr'>2Ηοειίε</span> <span class='ocrx_word' id='word_1_254' title='bbox 1163 3615 1218 3667; x_wconf 87' lang='lat' dir='ltr'>que</span> <span class='ocrx_word' id='word_1_255' title='bbox 1237 3598 1369 3653; x_wconf 88' lang='lat' dir='ltr'>dicuntur</span> 
     </span>
     <span class='ocr_line' id='line_1_28' title="bbox 200 3683 1369 3755; baseline 0.001 -17"><span class='ocrx_word' id='word_1_256' title='bbox 200 3683 494 3755; x_wconf 77' lang='lat' dir='ltr'>(aacm.aoaadposiio)</span> <span class='ocrx_word' id='word_1_257' title='bbox 513 3688 549 3739; x_wconf 92' lang='lat' dir='ltr'>Vl</span> <span class='ocrx_word' id='word_1_258' title='bbox 567 3687 699 3740; x_wconf 87' lang='lat' dir='ltr'>Videntes</span> <span class='ocrx_word' id='word_1_259' title='bbox 718 3685 786 3754; x_wconf 90' lang='lat' dir='ltr'>quid</span> <span class='ocrx_word' id='word_1_260' title='bbox 805 3684 832 3737; x_wconf 88' lang='lat' dir='ltr'><em>Z</em></span> <span class='ocrx_word' id='word_1_261' title='bbox 856 3683 865 3754; x_wconf 92' lang='grc' dir='ltr'>Η</span> <span class='ocrx_word' id='word_1_262' title='bbox 904 3684 955 3736; x_wconf 87' lang='lat' dir='ltr'>VII</span> <span class='ocrx_word' id='word_1_263' title='bbox 974 3685 1149 3754; x_wconf 77' lang='lat' dir='ltr'>BidentesQ</span> <span class='ocrx_word' id='word_1_264' title='bbox 1183 3684 1193 3755; x_wconf 92' lang='grc' dir='ltr'>Η</span> <span class='ocrx_word' id='word_1_265' title='bbox 1227 3686 1369 3754; x_wconf 79' lang='lat' dir='ltr'>appellata</span> 
     </span>
    </p>
   </div>
   <div class='ocr_carea' id='block_1_7' title="bbox 198 3765 1417 5003">
    <p class='ocr_par' dir='ltr' id='par_1_9' title="bbox 198 3765 1417 5003">
     <span class='ocr_line' id='line_1_29' title="bbox 201 3765 1417 3861; baseline 0.002 -19"><span class='ocrx_word' id='word_1_266' title='bbox 201 3788 228 3842; x_wconf 90' lang='lat' dir='ltr'><strong><em>Z</em></strong></span> <span class='ocrx_word' id='word_1_267' title='bbox 260 3789 270 3859; x_wconf 94' lang='grc' dir='ltr'>Η</span> <span class='ocrx_word' id='word_1_268' title='bbox 305 3788 482 3843; x_wconf 82' lang='lat' dir='ltr'>3suntXH</span> <span class='ocrx_word' id='word_1_269' title='bbox 513 3791 523 3861; x_wconf 95' lang='grc' dir='ltr'>Η</span> <span class='ocrx_word' id='word_1_270' title='bbox 557 3808 610 3860; x_wconf 79' lang='lat' dir='ltr'>sup</span> <span class='ocrx_word' id='word_1_271' title='bbox 629 3765 907 3859; x_wconf 60' lang='lat' dir='ltr'>quareXsupd3Z</span> <span class='ocrx_word' id='word_1_272' title='bbox 939 3788 948 3859; x_wconf 94' lang='grc' dir='ltr'>Η</span> <span class='ocrx_word' id='word_1_273' title='bbox 989 3805 1022 3841; x_wconf 88' lang='lat' dir='ltr'>ea</span> <span class='ocrx_word' id='word_1_274' title='bbox 1038 3789 1077 3857; x_wconf 90' lang='lat' dir='ltr'>re]</span> <span class='ocrx_word' id='word_1_275' title='bbox 1098 3806 1181 3843; x_wconf 77' lang='lat' dir='ltr'>=cc:</span> <span class='ocrx_word' id='word_1_276' title='bbox 1199 3790 1370 3861; x_wconf 67' lang='lat' dir='ltr'>re*(a)Xfl</span> <span class='ocrx_word' id='word_1_277' title='bbox 1413 3811 1417 3819; x_wconf 94' lang='lat'>·</span> 
     </span>
     <span class='ocr_line' id='line_1_30' title="bbox 200 3875 1368 3947; baseline 0.002 -19"><span class='ocrx_word' id='word_1_278' title='bbox 200 3876 259 3930; x_wconf 93' lang='lat' dir='ltr'><strong>VII.</strong></span> <span class='ocrx_word' id='word_1_279' title='bbox 278 3876 407 3945; x_wconf 86' lang='lat' dir='ltr'>PNigidii</span> <span class='ocrx_word' id='word_1_280' title='bbox 424 3893 476 3946; x_wconf 82' lang='lat' dir='ltr'>sup</span> <span class='ocrx_word' id='word_1_281' title='bbox 496 3893 528 3930; x_wconf 90' lang='lat' dir='ltr'>ea</span> <span class='ocrx_word' id='word_1_282' title='bbox 546 3893 576 3930; x_wconf 90' lang='lat' dir='ltr'>re</span> <span class='ocrx_word' id='word_1_283' title='bbox 596 3877 625 3928; x_wconf 92' lang='grc' dir='ltr'>Π</span> <span class='ocrx_word' id='word_1_284' title='bbox 657 3877 667 3947; x_wconf 95' lang='grc' dir='ltr'>Η</span> <span class='ocrx_word' id='word_1_285' title='bbox 706 3876 765 3927; x_wconf 89' lang='lat' dir='ltr'>VII.</span> <span class='ocrx_word' id='word_1_286' title='bbox 785 3876 814 3929; x_wconf 94' lang='lat' dir='ltr'>P.</span> <span class='ocrx_word' id='word_1_287' title='bbox 832 3875 939 3943; x_wconf 76' lang='lat' dir='ltr'>Nigidii</span> <span class='ocrx_word' id='word_1_288' title='bbox 958 3877 1001 3944; x_wconf 89' lang='lat'>(=</span> <span class='ocrx_word' id='word_1_289' title='bbox 1019 3892 1059 3929; x_wconf 74' lang='lat' dir='ltr'>aa</span> <span class='ocrx_word' id='word_1_290' title='bbox 1077 3877 1173 3945; x_wconf 81' lang='lat' dir='ltr'>nigida</span> <span class='ocrx_word' id='word_1_291' title='bbox 1191 3875 1221 3930; x_wconf 92' lang='lat' dir='ltr'><strong><em>X</em></strong></span> <span class='ocrx_word' id='word_1_292' title='bbox 1237 3877 1368 3946; x_wconf 84' lang='lat' dir='ltr'>Nigidius</span> 
     </span>
     <span class='ocr_line' id='line_1_31' title="bbox 200 3961 1368 4034; baseline 0.001 -18"><span class='ocrx_word' id='word_1_293' title='bbox 200 3961 344 4031; x_wconf 82' lang='lat' dir='ltr'>N)on</span> <span class='ocrx_word' id='word_1_294' title='bbox 359 3963 522 4033; x_wconf 75' lang='lat' dir='ltr'>pnigidiiQ</span> <span class='ocrx_word' id='word_1_295' title='bbox 574 3964 583 4034; x_wconf 94' lang='grc' dir='ltr'>Η</span> <span class='ocrx_word' id='word_1_296' title='bbox 636 3968 664 4015; x_wconf 89' lang='lat' dir='ltr'>et</span> <span class='ocrx_word' id='word_1_297' title='bbox 680 3963 743 4014; x_wconf 91' lang='lat' dir='ltr'>iulii</span> <span class='ocrx_word' id='word_1_298' title='bbox 762 3962 849 4032; x_wconf 89' lang='lat' dir='ltr'>hygni</span> <span class='ocrx_word' id='word_1_299' title='bbox 869 3963 979 4031; x_wconf 86' lang='lat' dir='ltr'>(hygini</span> <span class='ocrx_word' id='word_1_300' title='bbox 996 3965 1025 4032; x_wconf 76' lang='lat' dir='ltr'>a)</span> <span class='ocrx_word' id='word_1_301' title='bbox 1044 3970 1072 4015; x_wconf 88' lang='lat' dir='ltr'>et</span> <span class='ocrx_word' id='word_1_302' title='bbox 1089 3964 1149 4015; x_wconf 90' lang='lat' dir='ltr'>iulii</span> <span class='ocrx_word' id='word_1_303' title='bbox 1169 3963 1200 4017; x_wconf 91' lang='lat' dir='ltr'><strong><em>X</em></strong></span> <span class='ocrx_word' id='word_1_304' title='bbox 1241 3962 1250 4033; x_wconf 94' lang='grc' dir='ltr'>Η</span> <span class='ocrx_word' id='word_1_305' title='bbox 1297 3966 1368 4032; x_wconf 73' lang='grc'>(51)</span> 
     </span>
     <span class='ocr_line' id='line_1_32' title="bbox 199 4048 1368 4121; baseline 0.003 -18"><span class='ocrx_word' id='word_1_306' title='bbox 199 4051 216 4103; x_wconf 90' lang='grc'><strong>4</strong></span> <span class='ocrx_word' id='word_1_307' title='bbox 236 4050 361 4118; x_wconf 88' lang='lat' dir='ltr'>Graecia]</span> <span class='ocrx_word' id='word_1_308' title='bbox 383 4049 453 4119; x_wconf 69' lang='lat' dir='ltr'>semi</span> <span class='ocrx_word' id='word_1_309' title='bbox 479 4065 544 4104; x_wconf 81' lang='lat' dir='ltr'>acac</span> <span class='ocrx_word' id='word_1_310' title='bbox 564 4051 654 4119; x_wconf 76' lang='lat' dir='ltr'>potest</span> <span class='ocrx_word' id='word_1_311' title='bbox 678 4049 712 4117; x_wconf 77' lang='lat' dir='ltr'>cf.</span> <span class='ocrx_word' id='word_1_312' title='bbox 738 4048 814 4102; x_wconf 86' lang='lat' dir='ltr'>modo</span> <span class='ocrx_word' id='word_1_313' title='bbox 832 4048 980 4118; x_wconf 69' lang='lat' dir='ltr'>ADrccqcr</span> <span class='ocrx_word' id='word_1_314' title='bbox 1005 4048 1082 4119; x_wconf 79' lang='lat' dir='ltr'>Synt.</span> <span class='ocrx_word' id='word_1_315' title='bbox 1100 4049 1125 4103; x_wconf 88' lang='lat' dir='ltr'>d.</span> <span class='ocrx_word' id='word_1_316' title='bbox 1144 4050 1191 4105; x_wconf 82' lang='lat' dir='ltr'>let.</span> <span class='ocrx_word' id='word_1_317' title='bbox 1217 4049 1279 4119; x_wconf 84' lang='lat' dir='ltr'>Spr.</span> <span class='ocrx_word' id='word_1_318' title='bbox 1297 4051 1324 4103; x_wconf 85' lang='lat'>1¹</span> <span class='ocrx_word' id='word_1_319' title='bbox 1337 4068 1368 4121; x_wconf 77' lang='lat' dir='ltr'>p.</span> 
     </span>
     <span class='ocr_line' id='line_1_33' title="bbox 199 4134 1369 4207; baseline 0.001 -17"><span class='ocrx_word' id='word_1_320' title='bbox 199 4137 251 4191; x_wconf 79' lang='lat'>496</span> <span class='ocrx_word' id='word_1_321' title='bbox 268 4152 315 4205; x_wconf 71' lang='lat' dir='ltr'>sq„</span> <span class='ocrx_word' id='word_1_322' title='bbox 333 4136 427 4190; x_wconf 82' lang='lat' dir='ltr'>malim</span> <span class='ocrx_word' id='word_1_323' title='bbox 446 4139 535 4190; x_wconf 79' lang='lat' dir='ltr'>tamea</span> <span class='ocrx_word' id='word_1_324' title='bbox 553 4136 627 4203; x_wconf 81' lang='lat' dir='ltr'>(poet</span> <span class='ocrx_word' id='word_1_325' title='bbox 643 4134 682 4202; x_wconf 89' lang='lat' dir='ltr'>es)</span> <span class='ocrx_word' id='word_1_326' title='bbox 701 4150 736 4186; x_wconf 83' lang='lat' dir='ltr'>ex</span> <span class='ocrx_word' id='word_1_327' title='bbox 756 4135 786 4201; x_wconf 79' lang='lat' dir='ltr'>(a.</span> <span class='ocrx_word' id='word_1_328' title='bbox 805 4137 837 4188; x_wconf 80' lang='lat' dir='ltr'>at</span> <span class='ocrx_word' id='word_1_329' title='bbox 853 4136 891 4187; x_wconf 88' lang='lat' dir='ltr'>IX</span> <span class='ocrx_word' id='word_1_330' title='bbox 904 4136 928 4203; x_wconf 77' lang='lat'>4,</span> <span class='ocrx_word' id='word_1_331' title='bbox 950 4137 973 4202; x_wconf 84' lang='lat' dir='ltr'>i,</span> <span class='ocrx_word' id='word_1_332' title='bbox 990 4152 1066 4202; x_wconf 71' lang='lat' dir='ltr'>qaam</span> <span class='ocrx_word' id='word_1_333' title='bbox 1084 4135 1101 4189; x_wconf 90' lang='lat' dir='ltr'>l.</span> <span class='ocrx_word' id='word_1_334' title='bbox 1119 4151 1160 4190; x_wconf 73' lang='lat' dir='ltr'>ma</span> <span class='ocrx_word' id='word_1_335' title='bbox 1173 4136 1323 4207; x_wconf 78' lang='lat' dir='ltr'>adscripsit,</span> <span class='ocrx_word' id='word_1_336' title='bbox 1344 4139 1369 4205; x_wconf 87' lang='lat' dir='ltr'>e)</span> 
     </span>
     <span class='ocr_line' id='line_1_34' title="bbox 200 4220 1365 4292; baseline 0 -15"><span class='ocrx_word' id='word_1_337' title='bbox 200 4223 314 4277; x_wconf 85' lang='lat' dir='ltr'>Graecia</span> <span class='ocrx_word' id='word_1_338' title='bbox 348 4224 357 4292; x_wconf 94' lang='grc' dir='ltr'>Η</span> <span class='ocrx_word' id='word_1_339' title='bbox 394 4223 578 4276; x_wconf 86' lang='lat' dir='ltr'>brundusium</span> <span class='ocrx_word' id='word_1_340' title='bbox 594 4220 696 4289; x_wconf 78' lang='lat' dir='ltr'>ONpr.</span> <span class='ocrx_word' id='word_1_341' title='bbox 709 4222 910 4275; x_wconf 88' lang='lat' dir='ltr'>brandunsium</span> <span class='ocrx_word' id='word_1_342' title='bbox 927 4221 951 4274; x_wconf 87' lang='lat' dir='ltr'><em>T</em></span> <span class='ocrx_word' id='word_1_343' title='bbox 957 4221 985 4275; x_wconf 91' lang='lat' dir='ltr'><em>Y</em></span> <span class='ocrx_word' id='word_1_344' title='bbox 996 4223 1074 4292; x_wconf 86' lang='lat' dir='ltr'>bra(v</span> <span class='ocrx_word' id='word_1_345' title='bbox 1084 4223 1223 4291; x_wconf 79' lang='lat' dir='ltr'>x)ndissii&#39;1</span> <span class='ocrx_word' id='word_1_346' title='bbox 1235 4223 1266 4277; x_wconf 98' lang='lat' dir='ltr'><strong><em>X</em></strong></span> <span class='ocrx_word' id='word_1_347' title='bbox 1282 4225 1365 4278; x_wconf 90' lang='lat' dir='ltr'>brun·</span> 
     </span>
     <span class='ocr_line' id='line_1_35' title="bbox 199 4307 1367 4381; baseline 0.002 -19"><span class='ocrx_word' id='word_1_348' title='bbox 199 4310 306 4379; x_wconf 77' lang='lat' dir='ltr'>dusiQ</span> <span class='ocrx_word' id='word_1_349' title='bbox 351 4308 361 4379; x_wconf 95' lang='grc' dir='ltr'>Η</span> <span class='ocrx_word' id='word_1_350' title='bbox 407 4309 623 4362; x_wconf 78' lang='lat' dir='ltr'>bbrandusinis</span> <span class='ocrx_word' id='word_1_351' title='bbox 642 4307 698 4361; x_wconf 85' lang='grc' dir='ltr'>ΖΠ</span> <span class='ocrx_word' id='word_1_352' title='bbox 713 4309 907 4362; x_wconf 88' lang='lat' dir='ltr'>brundissimis</span> <span class='ocrx_word' id='word_1_353' title='bbox 926 4307 957 4362; x_wconf 91' lang='lat' dir='ltr'><strong><em>X</em></strong></span> <span class='ocrx_word' id='word_1_354' title='bbox 973 4310 1184 4364; x_wconf 86' lang='lat' dir='ltr'>brindisinisT</span> <span class='ocrx_word' id='word_1_355' title='bbox 1228 4311 1238 4381; x_wconf 95' lang='grc' dir='ltr'>Η</span> <span class='ocrx_word' id='word_1_356' title='bbox 1284 4313 1367 4366; x_wconf 80' lang='lat' dir='ltr'>(iex-</span> 
     </span>
     <span class='ocr_line' id='line_1_36' title="bbox 198 4393 1369 4466; baseline 0.003 -17"><span class='ocrx_word' id='word_1_357' title='bbox 198 4396 325 4466; x_wconf 79' lang='lat' dir='ltr'>pundum</span> <span class='ocrx_word' id='word_1_358' title='bbox 344 4395 372 4449; x_wconf 93' lang='lat' dir='ltr'><strong><em>X</em></strong></span> <span class='ocrx_word' id='word_1_359' title='bbox 381 4413 425 4465; x_wconf 78' lang='lat' dir='ltr'>pr.</span> <span class='ocrx_word' id='word_1_360' title='bbox 461 4396 470 4465; x_wconf 91' lang='grc' dir='ltr'>Η</span> <span class='ocrx_word' id='word_1_361' title='bbox 505 4399 529 4463; x_wconf 73' lang='grc'>(5</span> <span class='ocrx_word' id='word_1_362' title='bbox 548 4395 573 4463; x_wconf 80' lang='lat'>2)</span> <span class='ocrx_word' id='word_1_363' title='bbox 593 4395 770 4448; x_wconf 83' lang='lat' dir='ltr'>oblectamini</span> <span class='ocrx_word' id='word_1_364' title='bbox 794 4393 822 4448; x_wconf 90' lang='lat' dir='ltr'>Y</span> <span class='ocrx_word' id='word_1_365' title='bbox 839 4395 996 4448; x_wconf 88' lang='lat' dir='ltr'>oblectandi</span> <span class='ocrx_word' id='word_1_366' title='bbox 1018 4396 1044 4448; x_wconf 87' lang='grc' dir='ltr'><strong><em>Τ</em></strong></span> <span class='ocrx_word' id='word_1_367' title='bbox 1076 4397 1085 4466; x_wconf 92' lang='grc' dir='ltr'>Η</span> <span class='ocrx_word' id='word_1_368' title='bbox 1119 4397 1318 4452; x_wconf 86' lang='lat' dir='ltr'>8aestumaris</span> <span class='ocrx_word' id='word_1_369' title='bbox 1338 4399 1369 4453; x_wconf 98' lang='lat' dir='ltr'><strong><em>X</em></strong></span> 
     </span>
     <span class='ocr_line' id='line_1_37' title="bbox 199 4481 1367 4555; baseline 0.002 -19"><span class='ocrx_word' id='word_1_370' title='bbox 199 4485 353 4536; x_wconf 85' lang='lat' dir='ltr'>aestimaris</span> <span class='ocrx_word' id='word_1_371' title='bbox 371 4498 391 4535; x_wconf 77' lang='lat' dir='ltr'>a</span> <span class='ocrx_word' id='word_1_372' title='bbox 426 4483 436 4553; x_wconf 93' lang='grc' dir='ltr'>Η</span> <span class='ocrx_word' id='word_1_373' title='bbox 471 4486 495 4548; x_wconf 75' lang='grc'>(5</span> <span class='ocrx_word' id='word_1_374' title='bbox 514 4482 541 4551; x_wconf 90' lang='grc'>3)</span> <span class='ocrx_word' id='word_1_375' title='bbox 559 4482 676 4535; x_wconf 87' lang='lat' dir='ltr'>barbere</span> <span class='ocrx_word' id='word_1_376' title='bbox 697 4482 720 4551; x_wconf 76' lang='lat' dir='ltr'><strong><em>Q</em></strong></span> <span class='ocrx_word' id='word_1_377' title='bbox 738 4483 863 4535; x_wconf 87' lang='lat' dir='ltr'>barbaris</span> <span class='ocrx_word' id='word_1_378' title='bbox 883 4481 911 4535; x_wconf 88' lang='lat' dir='ltr'><em>Z</em></span> <span class='ocrx_word' id='word_1_379' title='bbox 951 4481 960 4552; x_wconf 95' lang='grc' dir='ltr'>Η</span> <span class='ocrx_word' id='word_1_380' title='bbox 1005 4483 1119 4552; x_wconf 72' lang='lat' dir='ltr'>uirgilifl</span> <span class='ocrx_word' id='word_1_381' title='bbox 1139 4485 1187 4552; x_wconf 77' lang='lat' dir='ltr'>(aq.</span> <span class='ocrx_word' id='word_1_382' title='bbox 1206 4487 1367 4555; x_wconf 87' lang='lat' dir='ltr'>septimum)</span> 
     </span>
     <span class='ocr_line' id='line_1_38' title="bbox 200 4567 1366 4640; baseline 0.003 -16"><span class='ocrx_word' id='word_1_383' title='bbox 200 4569 277 4639; x_wconf 73' lang='lat' dir='ltr'>Qpr.</span> <span class='ocrx_word' id='word_1_384' title='bbox 312 4571 322 4640; x_wconf 94' lang='grc' dir='ltr'>Η</span> <span class='ocrx_word' id='word_1_385' title='bbox 362 4567 435 4640; x_wconf 74' lang='lat' dir='ltr'>Verg.</span> <span class='ocrx_word' id='word_1_386' title='bbox 448 4568 514 4623; x_wconf 81' lang='lat' dir='ltr'>Aca.</span> <span class='ocrx_word' id='word_1_387' title='bbox 528 4569 577 4620; x_wconf 87' lang='lat' dir='ltr'>Vii</span> <span class='ocrx_word' id='word_1_388' title='bbox 590 4569 623 4623; x_wconf 83' lang='lat'>93</span> <span class='ocrx_word' id='word_1_389' title='bbox 652 4569 662 4639; x_wconf 93' lang='grc' dir='ltr'>Η</span> <span class='ocrx_word' id='word_1_390' title='bbox 699 4571 731 4625; x_wconf 85' lang='grc'>10</span> <span class='ocrx_word' id='word_1_391' title='bbox 748 4571 805 4623; x_wconf 89' lang='lat' dir='ltr'>lani</span> <span class='ocrx_word' id='word_1_392' title='bbox 826 4585 905 4639; x_wconf 83' lang='lat' dir='ltr'>geras</span> <span class='ocrx_word' id='word_1_393' title='bbox 925 4567 955 4622; x_wconf 85' lang='lat' dir='ltr'><strong><em>X</em></strong></span> <span class='ocrx_word' id='word_1_394' title='bbox 971 4569 1090 4623; x_wconf 85' lang='lat' dir='ltr'>lanieras</span> <span class='ocrx_word' id='word_1_395' title='bbox 1110 4569 1137 4622; x_wconf 83' lang='lat' dir='ltr'><em>Z</em></span> <span class='ocrx_word' id='word_1_396' title='bbox 1164 4572 1173 4639; x_wconf 94' lang='grc' dir='ltr'>Η</span> <span class='ocrx_word' id='word_1_397' title='bbox 1209 4574 1366 4627; x_wconf 86' lang='lat' dir='ltr'>mactabant</span> 
     </span>
     <span class='ocr_line' id='line_1_39' title="bbox 202 4653 1368 4728; baseline 0.002 -16"><span class='ocrx_word' id='word_1_398' title='bbox 202 4657 259 4712; x_wconf 81' lang='grc' dir='ltr'>ΤΥ</span> <span class='ocrx_word' id='word_1_399' title='bbox 292 4658 300 4727; x_wconf 94' lang='grc' dir='ltr'>Η</span> <span class='ocrx_word' id='word_1_400' title='bbox 336 4656 468 4724; x_wconf 90' lang='lat' dir='ltr'>bidentis]</span> <span class='ocrx_word' id='word_1_401' title='bbox 488 4680 521 4701; x_wconf 95' lang='lat'><strong><em>=</em></strong></span> <span class='ocrx_word' id='word_1_402' title='bbox 540 4653 602 4709; x_wconf 59' lang='lat' dir='ltr'>licii</span> <span class='ocrx_word' id='word_1_403' title='bbox 625 4654 713 4726; x_wconf 60' lang='lat' dir='ltr'>Vere:</span> <span class='ocrx_word' id='word_1_404' title='bbox 731 4656 857 4709; x_wconf 84' lang='lat' dir='ltr'>bidentes</span> <span class='ocrx_word' id='word_1_405' title='bbox 879 4654 1035 4724; x_wconf 76' lang='lat' dir='ltr'>QOYpr.a</span> <span class='ocrx_word' id='word_1_406' title='bbox 1054 4657 1179 4710; x_wconf 87' lang='lat' dir='ltr'>bibentes</span> <span class='ocrx_word' id='word_1_407' title='bbox 1199 4656 1229 4711; x_wconf 82' lang='lat' dir='ltr'><strong><em>X</em></strong></span> <span class='ocrx_word' id='word_1_408' title='bbox 1253 4658 1262 4727; x_wconf 94' lang='grc' dir='ltr'>Η</span> <span class='ocrx_word' id='word_1_409' title='bbox 1298 4659 1322 4728; x_wconf 86' lang='lat'>(§</span> <span class='ocrx_word' id='word_1_410' title='bbox 1341 4660 1368 4727; x_wconf 84' lang='grc'>4)</span> 
     </span>
     <span class='ocr_line' id='line_1_40' title="bbox 200 4741 1368 4824; baseline 0 -26"><span class='ocrx_word' id='word_1_411' title='bbox 200 4747 229 4798; x_wconf 98' lang='lat' dir='ltr'>ll</span> <span class='ocrx_word' id='word_1_412' title='bbox 250 4759 311 4824; x_wconf 73' lang='lat' dir='ltr'>sesa</span> <span class='ocrx_word' id='word_1_413' title='bbox 331 4744 360 4794; x_wconf 90' lang='grc' dir='ltr'><strong>Π</strong></span> <span class='ocrx_word' id='word_1_414' title='bbox 410 4744 419 4812; x_wconf 94' lang='grc' dir='ltr'>Η</span> <span class='ocrx_word' id='word_1_415' title='bbox 472 4745 546 4812; x_wconf 88' lang='lat' dir='ltr'>quis]</span> <span class='ocrx_word' id='word_1_416' title='bbox 569 4745 632 4797; x_wconf 78' lang='lat' dir='ltr'>ante</span> <span class='ocrx_word' id='word_1_417' title='bbox 661 4743 729 4812; x_wconf 90' lang='lat' dir='ltr'>quid</span> <span class='ocrx_word' id='word_1_418' title='bbox 754 4759 804 4797; x_wconf 85' lang='lat' dir='ltr'>om.</span> <span class='ocrx_word' id='word_1_419' title='bbox 832 4741 883 4811; x_wconf 79' lang='lat' dir='ltr'>QZ</span> <span class='ocrx_word' id='word_1_420' title='bbox 933 4742 943 4812; x_wconf 94' lang='grc' dir='ltr'>Η</span> <span class='ocrx_word' id='word_1_421' title='bbox 996 4745 1058 4811; x_wconf 87' lang='lat' dir='ltr'>quis</span> <span class='ocrx_word' id='word_1_422' title='bbox 1077 4744 1154 4813; x_wconf 87' lang='lat' dir='ltr'>quid]</span> <span class='ocrx_word' id='word_1_423' title='bbox 1179 4747 1227 4812; x_wconf 89' lang='lat' dir='ltr'>qui</span> <span class='ocrx_word' id='word_1_424' title='bbox 1247 4745 1306 4799; x_wconf 85' lang='lat' dir='ltr'>idi</span> <span class='ocrx_word' id='word_1_425' title='bbox 1357 4747 1368 4817; x_wconf 92' lang='grc' dir='ltr'>Η</span> 
     </span>
     <span class='ocr_line' id='line_1_41' title="bbox 198 4846 1368 4923; baseline 0.003 -24"><span class='ocrx_word' id='word_1_426' title='bbox 198 4847 314 4916; x_wconf 85' lang='lat' dir='ltr'>discere]</span> <span class='ocrx_word' id='word_1_427' title='bbox 336 4846 421 4915; x_wconf 77' lang='lat' dir='ltr'>Q(=</span> <span class='ocrx_word' id='word_1_428' title='bbox 440 4846 468 4901; x_wconf 90' lang='lat' dir='ltr'><em>Z</em></span> <span class='ocrx_word' id='word_1_429' title='bbox 483 4846 607 4917; x_wconf 71' lang='lat' dir='ltr'>treicii)</span> <span class='ocrx_word' id='word_1_430' title='bbox 626 4846 650 4902; x_wconf 84' lang='lat' dir='ltr'>i:</span> <span class='ocrx_word' id='word_1_431' title='bbox 668 4849 760 4900; x_wconf 90' lang='lat' dir='ltr'>dieere</span> <span class='ocrx_word' id='word_1_432' title='bbox 778 4846 834 4900; x_wconf 81' lang='lat' dir='ltr'>rell.</span> <span class='ocrx_word' id='word_1_433' title='bbox 853 4847 981 4916; x_wconf 76' lang='lat' dir='ltr'>doceriq</span> <span class='ocrx_word' id='word_1_434' title='bbox 1015 4846 1024 4915; x_wconf 92' lang='grc' dir='ltr'>Η</span> <span class='ocrx_word' id='word_1_435' title='bbox 1065 4847 1088 4915; x_wconf 72' lang='grc'>(5</span> <span class='ocrx_word' id='word_1_436' title='bbox 1107 4848 1133 4917; x_wconf 81' lang='grc'>5)</span> <span class='ocrx_word' id='word_1_437' title='bbox 1154 4848 1185 4901; x_wconf 83' lang='lat'>12</span> <span class='ocrx_word' id='word_1_438' title='bbox 1203 4853 1279 4901; x_wconf 79' lang='lat' dir='ltr'>tuma</span> <span class='ocrx_word' id='word_1_439' title='bbox 1298 4849 1325 4902; x_wconf 88' lang='lat' dir='ltr'><em>Z</em></span> <span class='ocrx_word' id='word_1_440' title='bbox 1358 4851 1368 4923; x_wconf 94' lang='grc' dir='ltr'>Η</span> 
     </span>
     <span class='ocr_line' id='line_1_42' title="bbox 200 4930 389 5003; baseline 0 -17"><span class='ocrx_word' id='word_1_441' title='bbox 200 4936 299 5001; x_wconf 71' lang='lat' dir='ltr'>inques</span> <span class='ocrx_word' id='word_1_442' title='bbox 317 4930 349 4986; x_wconf 88' lang='lat' dir='ltr'>N</span> <span class='ocrx_word' id='word_1_443' title='bbox 380 4932 389 5003; x_wconf 94' lang='grc' dir='ltr'>Η</span> 
     </span>
    </p>
   </div>
   <div class='ocr_carea' id='block_1_8' title="bbox 0 0 1528 5490">
    <p class='ocr_par' dir='ltr' id='par_1_10' title="bbox 0 0 1528 5490">
     <span class='ocr_line' id='line_1_43' title="bbox 0 0 1528 5490; baseline 0 1"><span class='ocrx_word' id='word_1_444' title='bbox 0 0 1528 5490; x_wconf 95' lang='lat' dir='ltr'> </span> 
     </span>
    </p>
   </div>
  </div>
 </body>
</html>
