3046 5490
650 381 702 443 XI.
733 402 798 443 xrn.
1250 378 1291 442 77

123 569 217 629 hosce
245 589 341 631 anuos
369 571 528 648 adpetistis
558 577 648 648 atque
676 573 832 649 voluistis,
862 590 898 632 ea
926 590 1004 632 nuuc
1033 575 1060 633 si
1088 572 1291 650 repudiaritis,

124 673 234 732 abesse
256 692 317 732 uon
338 677 450 752 potest,
475 675 547 750 quin
570 679 621 734 aut
637 676 707 734 olim
723 674 831 751 cupide
847 675 1001 751 adpetisse
1018 681 1069 736 aut
1083 694 1162 736 nuuc
1176 681 1290 736 temere

124 775 302 851 repudiasse
332 766 494 853 dicamiui’,
529 778 555 836 si
581 767 648 856 ita’,
678 778 790 855 inquit,
813 767 993 856 ‘diceretur,
1027 780 1148 854 gravior
1175 780 1291 838 scilicet
1317 780 1333 836 8

81 886 113 932 35
126 877 312 953 solidiorque
334 878 419 939 fieret
441 881 590 939 sententia
613 884 643 939 et
665 881 816 957 acciperet
838 881 953 957 aliquid
975 882 1072 940 iustae
1092 882 1123 940 in
1139 881 1289 941 audiendo

125 982 374 1058 exspectationis,
402 1000 481 1042 nuuc
503 968 602 1043 autem
624 985 717 1042 verba
739 983 815 1042 haec
843 984 980 1060 cupide
1010 988 1040 1042 et
1067 989 1224 1061 temero,
1260 984 1290 1042 iu
1316 988 1334 1046 t)

125 1084 235 1156 quibus
256 1085 357 1144 verbis
381 1104 469 1145 omne
491 1090 673 1146 momentum
695 1087 739 1145 rei
763 1091 825 1162 est,
847 1104 909 1145 nou
937 1086 968 1144 iu
992 1085 1200 1145 concludenda
1223 1103 1290 1145 sen·

123 1187 218 1244 tentia
250 1190 364 1246 tantum
401 1188 554 1267 dicuntur,
589 1189 644 1248 sed
672 1206 763 1265 supra
797 1206 919 1263 quoque
953 1188 1085 1248 nondum
1120 1188 1291 1248 desiderata

124 1293 276 1364 ponuntur
304 1294 334 1349 et
363 1309 441 1367 quae
469 1293 553 1351 uasci
582 1292 713 1366 oririque
744 1309 781 1350 ex
808 1292 876 1368 ipsa
905 1291 949 1350 rei
978 1291 1177 1367 conceptione
1200 1291 1290 1350 debe·

80 1392 212 1469 cubant,
242 1399 311 1453 aute
341 1395 460 1454 omuino
491 1412 580 1471 quam
608 1412 657 1454 res
685 1395 820 1472 postulat
847 1394 994 1453 dicuntur.
1054 1395 1132 1454 Nam
1165 1394 1217 1470 qui
1250 1395 1292 1453 ita

125 1494 211 1554 dicit:
236 1485 277 1556 ‘si
305 1496 363 1556 hoc
391 1496 517 1575 feceris,
547 1497 656 1574 cupide
686 1497 797 1558 fecisse
827 1486 961 1575 diceris',
991 1516 1054 1557 rem
1082 1497 1156 1557 dicit
1183 1515 1291 1557 seusus

124 1598 250 1657 alicuius
278 1599 394 1658 ratione
423 1601 589 1660 conlectam
618 1605 648 1659 et
676 1605 861 1676 consertam,
896 1600 948 1675 qui
975 1617 1048 1659 vero
1070 1600 1113 1658 ita
1134 1599 1222 1659 dicit:
1251 1589 1292 1659 ‘si

126 1700 234 1776 cupide
257 1700 376 1777 feceris,
400 1703 509 1779 cupide
532 1702 644 1763 fecisse
660 1697 795 1781 diceris,
818 1720 878 1762 uon
893 1704 983 1779 longe
1000 1720 1089 1763 secus
1112 1702 1184 1762 dicit
1199 1707 1290 1778 atque

126 1803 152 1860 si
174 1803 302 1863 diceret:
321 1794 362 1863 ‘si
384 1805 493 1881 cupide
517 1805 637 1881 feceris,
660 1805 770 1882 cupide
793 1793 928 1865 feceris'.
972 1805 1057 1865 Haec
1081 1798 1162 1883 ego'‚
1192 1806 1333 1881 iuquitfd

82 1893 285 1984 re‘admouui,
307 1925 368 1965 nou
390 1912 422 1966 ut
446 1907 478 1968 0.
503 1907 675 1968 Graccho
697 1908 770 1967 vitio
795 1908 907 1984 darem,
930 1942 971 1951 —
995 1907 1037 1966 dii
1060 1909 1139 1967 euim
1161 1912 1291 1968 mentem

124 2009 277 2067 meliorem
304 2010 391 2069 mihi!
420 2029 504 2088 uam,
534 2011 560 2070 si
588 2012 749 2087 quicquam
778 2011 809 2071 iu
837 2016 897 2069 tam
928 2010 1014 2070 fortis
1038 2010 1197 2070 facundiae
1225 2011 1290 2070 viro

124 2111 190 2169 vitii
222 2111 272 2170 vel
305 2113 414 2172 erroris
448 2130 516 2173 esse
551 2113 610 2172 dici
642 2118 755 2190 potest,
790 2112 820 2171 id
854 2130 941 2172 omne
976 2117 1006 2171 et
1034 2114 1197 2173 auctoritas
1227 2113 1292 2172 eius

127 2212 265 2273 exhausit
298 2219 328 2273 et
359 2219 495 2275 vetustas
523 2217 725 2293 consumpsit,
750 2215 868 2275 -sed
896 2216 939 2274 uti
968 2216 1131 2291 caveretis,
1163 2209 1203 2274 'ue
1236 2233 1292 2275 vos

126 2314 215 2375 facile
237 2319 472 2395 praestringeret
494 2319 665 2378 modulatus
689 2319 783 2395 aliqui
811 2318 957 2378 currentis
986 2317 1145 2377 facundiae
1174 2318 1290 2377 sonitus

84 2423 216 2497 statque
244 2424 276 2478 ut
308 2419 368 2478 vim
400 2421 497 2496 ipsam
525 2439 622 2481 rerum
649 2421 849 2495 virtutemque
883 2421 1043 2490 verborum
1076 2419 1159 2496 prius
1192 2421 1293 2496 peusi-

126 2522 229 2581 taretis
258 2528 302 2600 et,
332 2523 358 2581 si
387 2523 509 2599 quidem
538 2525 637 2600 gravis
667 2527 758 2598 atque
788 2524 905 2600 integra
935 2526 964 2581 ct
992 2522 1110 2581 sincera
1144 2522 1294 2582 sententia

127 2625 290 2702 diceretur,
312 2630 391 2704 tum,
420 2627 446 2685 si
470 2627 511 2684 ita
532 2626 702 2703 videretur,
726 2627 880 2701 gressibus
904 2642 1025 2700 quoque
1049 2624 1124 2700 ipsis
1148 2624 1293 2684 orationis

127 2732 157 2785 et
179 2729 313 2804 gestibus
335 2728 530 2806 plauderctis,
554 2729 674 2787 sivero
705 2728 806 2804 frigidi
834 2734 864 2786 ct
885 2728 968 2787 leves
992 2732 1023 2786 et
1045 2726 1160 2786 futtiles
1183 2744 1291 2786 sensus

126 2831 156 2889 iu
179 2832 272 2891 verba
294 2836 363 2908 apte
386 2828 607 2906 numeroseque
622 2831 723 2908 posita
739 2831 971 2909 includerentur,
995 2848 1056 2890 nou
1072 2847 1140 2889 csse
1156 2830 1188 2889 id
1203 2847 1292 2890 secus

217 3048 410 3117 QZBXOHN
660 3090 663 3099 r

215 3135 248 3188 32
266 3137 431 3205 adpetitistis
451 3135 477 3189 Z
493 3138 665 3205 atpetistisss
691 3137 796 3210 (uqsue)
822 3134 852 3188 X
876 3135 885 3204 ΗΗ
920 3135 1102 3204 repudiaretis
1121 3132 1151 3188 X
1184 3136 1193 3206 Η
1228 3138 1251 3204 (5
1270 3136 1296 3203 8)

129 3223 162 3276 34
175 3224 265 3290 inquit
277 3225 315 3275 ita
333 3221 419 3276 XOH
440 3222 449 3292 Η
479 3223 513 3276 35
526 3223 626 3291 aliquit
638 3221 693 3275 XO
701 3238 746 3291 pr.
776 3221 784 3290 Η
815 3225 837 3287 (§
851 3221 877 3289 o)
891 3221 925 3274 36
938 3221 1038 3290 cupide
1051 3222 1137 3274 uerba
1150 3223 1260 3291 haecQ
1288 3222 1297 3289 Η

128 3308 276 3380 cupideX
309 3312 318 3379 ΗΗ
353 3311 387 3364 37
411 3325 466 3362 nou
491 3309 693 3362 includens-do
719 3307 750 3362 X
788 3309 797 3378 Η
833 3308 1004 3361 occludenda
1028 3307 1055 3360 Z
1088 3307 1096 3377 Η
1132 3309 1298 3377 sentnciaQ

127 3400 263 3450 sententia
282 3395 313 3450 X
345 3395 354 3466 ΗΗ
390 3395 424 3452 38
442 3396 575 3464 nondum]
596 3396 709 3448 modum
727 3412 778 3464 mg.
796 3394 850 3448 cod.
873 3394 952 3464 Thya.
987 3395 996 3464 ΗΗ
1030 3395 1065 3450 39
1084 3398 1158 3448 nesci
1180 3392 1203 3447 O
1216 3412 1261 3462 pr.
1288 3397 1296 3464 Η

127 3486 246 3537 debeant
271 3483 352 3551 Opr.
388 3485 397 3552 ΗΗ
432 3483 467 3536 40
489 3483 561 3550 aute]
586 3498 619 3534 an
645 3481 672 3535 Ζ
714 3484 723 3549 Η
760 3483 794 3535 43
817 3482 960 3534 collectam
984 3484 1091 3534 ratione
1116 3480 1146 3534 X
1184 3480 1193 3550 ΗΗ
1233 3498 1295 3533 con-

128 3570 237 3639 sertam]
254 3569 289 3637 Q:
308 3568 667 3622 consectachoufoctsnr
680 3568 736 3621 rell.
772 3568 781 3637 Η
817 3569 850 3622 43
864 3568 970 3637 feceris]
984 3566 1074 3621 onaZ
1107 3567 1115 3636 Η
1151 3569 1184 3619 44
1198 3567 1297 3636 cupide

129 3657 234 3726 feceris]
250 3659 312 3724 post
325 3659 348 3708 si
368 3656 468 3724 cupide
488 3657 584 3707 feceris
603 3670 654 3708 orsa.
667 3653 705 3724 X,
718 3658 741 3707 si
761 3656 859 3723 cupido
880 3657 976 3706 feceris
994 3670 1053 3722 sup,
1072 3653 1119 3706 liar.
1137 3652 1219 3706 iterat
1235 3668 1255 3705 cc
1290 3655 1298 3722 Η

126 3744 160 3796 45
179 3746 277 3796 uitiurn
307 3741 367 3795 Vot.
386 3743 454 3795 3452
476 3741 504 3795 S.
526 3739 615 3794 Geron.
634 3742 685 3794 643
708 3757 740 3794 oc
761 3740 799 3794 aio
816 3741 921 3794 artaretur
943 3739 1032 3810 legisse
1050 3738 1120 3793 Xon.
1139 3755 1160 3791 s.
1179 3756 1202 3792 r.
1227 3742 1298 3790 ritu·

126 3845 223 3898 parare
237 3846 266 3897 p.
285 3829 327 3896 39,
343 3830 374 3881 14
390 3829 423 3896 cs.
436 3844 501 3882 ann.
515 3826 583 3896 psit.
601 3827 644 3894 85,
657 3827 744 3894 716,9
768 3828 777 3895 Η
801 3829 834 3880 46
853 3830 876 3880 si
885 3847 894 3878 s:
915 3828 950 3895 (c)
970 3825 1000 3879 X
1020 3827 1029 3896 Η
1053 3827 1086 3878 47
1105 3826 1174 3895 eius]
1197 3814 1229 3878 e}
1248 3824 1298 3894 ΖΗ

127 3917 161 3971 48
189 3919 298 3969 cxausit
326 3914 381 3969 XO
394 3932 440 3984 pr.
485 3916 494 3985 Η
539 3917 677 3967 consumit
696 3913 723 3966 Z
764 3914 773 3983 Η
818 3916 935 3966 canentis
959 3912 989 3965 X
1000 3929 1045 3980 pr.
1070 3915 1202 3965 concretis
1222 3911 1248 3965 Z
1290 3913 1298 3979 Η

127 4019 179 4056 nos
203 4002 230 4055 Z
266 4002 275 4071 Η
315 4004 348 4055 49
375 4002 603 4072 praestringeret]
628 4025 660 4046 =
684 3999 861 4069 Pii'esseb'np
883 3999 949 4052 obss.
977 4016 1035 4052 rur.
1060 3998 1071 4050 Ι
1098 4000 1128 4052 16
1148 4015 1177 4066 p.
1200 3998 1234 4052 48
1260 3997 1299 4051 ed.

127 4088 248 4142 Frofach.
266 4105 279 4141 e
297 4087 464 4142 cod.Fron.:
489 4086 732 4157 perstringeretB
757 4088 779 4154 (e
797 4088 846 4155 op.)
881 4086 889 4154 Η
925 4086 1026 4153 aliquis
1048 4084 1086 4152 ρο
1121 4084 1129 4153 Η
1165 4085 1199 4137 50
1217 4087 1297 4136 uirus<

132 4173 325 4244 QuiminB
359 4175 368 4245 Η
403 4176 561 4244 iparr‘1(sici
581 4173 608 4227 Z
640 4173 649 4243 ΗΗ
684 4173 897 4242 priusffsabrs)
918 4170 944 4223 Z
977 4172 985 4238 Η
1021 4173 1160 4239 pensitare
1186 4170 1210 4239 Q
1232 4188 1298 4239 pen·

127 4262 226 4316 srtaB
260 4262 269 4332 ΗΗ
305 4262 450 4315 aedicere
471 4261 548 4330 (ΗΖΒ
583 4263 591 4331 Η
628 4279 689 4313 curu
709 4259 739 4313 X
772 4258 781 4329 Η
816 4260 928 4310 uidetur
951 4257 980 4310 X
1014 4259 1023 4326 Η
1058 4257 1209 4326 gressibus]
1238 4274 1299 4311 sen·

127 4351 204 4402 sibus
232 4348 261 4402 X
306 4349 315 4418 Η
352 4348 504 4401 orationii
549 4348 557 4416 Η
601 4348 635 4400 53
659 4346 694 4415 et]
722 4362 772 4399 om.
803 4343 861 4398 ΧΠ
900 4345 908 4413 Η
952 4344 1046 4395 laeuos
1071 4342 1101 4396 X
1125 4344 1206 4397 lecies
1231 4344 1258 4397 Ζ
1290 4346 1299 4415 Η

128 4474 161 4527 54
193 4441 321 4539 ndosaeq3
346 4469 373 4523 Z
406 4468 414 4538 ΗΗ
478 4489 482 4495 ·
