3046 5490
622 378 674 437 XI.
707 397 727 438 1.
751 397 782 436 11.
1245 373 1286 438 59

116 547 156 605 Μ.
190 547 392 625 Terentio,
427 549 576 624 quaudo
613 550 755 608 citatus
783 566 905 625 neque
932 548 1136 624 respoudit
1161 566 1285 625 neque

31 649 32 652 ’
118 654 325 715 excusatus
355 656 426 729 est,
456 669 524 728 ego
554 653 587 711 ei
609 670 717 711 unum
741 670 846 711 ovem
867 652 1016 710 multam
1040 651 1140 727 dico,
1169 670 1205 712 ac
1226 653 1286 712 nisi

117 770 152 811 ao
176 769 287 828 genere
310 753 468 831 diceretur,
492 758 677 830 negaverunt
698 754 807 813 iustam
829 753 926 813 videri
947 755 1080 816 multam.

67 862 105 908 30
201 855 389 914 Vocabulum
417 860 516 915 autem
544 857 643 932 ipsum
666 848 802 915 ‘multae’
833 856 913 916 idem
941 857 982 918 M.
1009 858 1125 917 Varro
1147 859 1178 917 in
1212 865 1317 919 unol

112 958 296 1017 vicesimo
319 976 438 1018 rerum
460 960 701 1019 humanarum
723 978 784 1018 non
804 959 954 1036 Latinum,
977 959 1033 1019 sed
1055 957 1199 1020 Sabinum
1215 979 1284 1021 esse
1414 949 1416 953 ⁷

114 1060 198 1137 dicit,
220 1060 313 1136 idque
336 1060 375 1120 ad
398 1080 482 1121 suam
505 1063 677 1121 memoriam
700 1062 849 1121 mansisse
872 1061 915 1120 ait
928 1061 959 1120 in
982 1063 1084 1138 lingua
1098 1062 1284 1141 Samnitium,

114 1147 167 1238 qui
190 1168 260 1222 sunt
281 1181 300 1221 a
322 1163 442 1224 Sabinis
465 1165 531 1224 orti.
576 1164 637 1224 Sed
664 1165 753 1224 turba
780 1164 1039 1240 grammaticorum
1066 1166 1186 1225 novicia
1208 1161 1282 1228 κατ’

113 1261 300 1346 ἀντίφρασιν,
324 1271 357 1325 ut
380 1268 527 1343 quaedam
551 1268 620 1345 alia,
642 1267 701 1328 hoc
725 1284 847 1343 quoquo
871 1267 930 1326 dici
951 1265 1147 1328 tradiderunt.

67 1376 102 1423 ³5
201 1368 274 1427 Cum
303 1374 402 1428 autem
430 1388 505 1431 usus
534 1375 564 1430 et
590 1389 656 1430 mos
685 1388 854 1430 sermonum
883 1371 909 1430 io
938 1370 992 1447 sit,
1021 1373 1054 1428 ut
1075 1372 1118 1430 ita
1145 1376 1176 1430 et
1201 1378 1316 1433 nuncd

112 1475 282 1549 loquamur,
297 1478 330 1532 ut
344 1474 483 1549 plerique
497 1477 632 1533 veterum
646 1474 740 1534 locuti
761 1478 840 1550 sunt,
858 1462 994 1532 ‘multam
1017 1460 1105 1532 dixit'
1129 1479 1160 1532 et
1177 1463 1283 1535 ‘multa

112 1575 195 1637 dicta
216 1567 287 1656 eot',
310 1596 371 1636 uon
395 1595 463 1637 esse
486 1578 541 1637 abs
563 1595 596 1637 re
617 1578 732 1655 putavi,
753 1580 870 1653 notare,
901 1576 983 1651 quod
1010 1577 1050 1636 Μ.
1075 1575 1168 1637 Cato
1197 1580 1285 1639 aliter

112 1678 197 1738 dixit.
242 1681 320 1739 Nam
342 1681 373 1738 iu
398 1685 533 1755 quarto
558 1680 743 1756 originum
765 1678 949 1738 verbahaeo
965 1683 1048 1738 aunt:
1072 1681 1284 1756 Imperator

111 1787 260 1860 noster,
293 1783 325 1841 si
359 1782 444 1858 quio
484 1786 592 1842 extra
625 1782 795 1841 ordinem
832 1781 1086 1857 depugnatum
1123 1783 1210 1861 ivit,
1249 1785 1282 1843 ei

67 1886 264 1947 tumultum
287 1885 394 1948 iacit.
437 1886 544 1945 Potest
565 1890 665 1944 autem
690 1885 787 1944 videri
811 1884 949 1944 consulta
977 1884 1127 1960 elegantia
1147 1891 1313 1949 mutasset

67 2045 68 2050 ,
110 1989 246 2066 verbum,
269 2005 336 2047 oum
357 1987 388 2046 in
412 1989 519 2048 castris
543 1992 573 2046 et
595 1988 625 2047 iu
648 1989 780 2047 exercitu
796 1988 889 2047 multa
903 1986 997 2065 ficret,
1011 2005 1073 2046 non
1095 1988 1126 2048 in
1148 1990 1280 2067 comitio,

110 2107 168 2149 nec
191 2090 228 2149 ad
251 2091 397 2166 populum
420 2090 577 2153 diceretur.

670 2205 721 2273 II.

112 2324 194 2390 Quod
218 2320 377 2394 'elegantia'
403 2331 471 2394 aput
497 2314 670 2395 antiquiores
693 2345 750 2380 non
775 2327 809 2380 de
833 2329 993 2380 amoeniore
1016 2329 1144 2396 iugenio,
1168 2328 1217 2380 sed
1244 2328 1279 2380 de

164 2411 295 2464 nitidiore
313 2412 389 2464 cultu
407 2417 490 2479 atquo
509 2415 584 2464 victu
603 2412 754 2483 dicebatur,
773 2428 863 2482 eaque
880 2415 909 2465 in
928 2414 996 2464 vitio
1014 2413 1179 2481 ponebatur.

189 2508 348 2596 ‘Elegans’
371 2520 461 2580 homo
485 2539 547 2580 non
571 2521 727 2580 dicebatur
749 2539 815 2581 cum
837 2520 938 2598 laude,
961 2525 1008 2580 oet
1022 2519 1054 2579 id
1071 2519 1132 2580 lere
1154 2522 1309 2581 verbuml

116 2655 319 2665 ———.

197 2739 391 2808 QZBXOHN

196 2836 229 2888 27
248 2836 295 2902 M]
315 2851 366 2890 om.
384 2835 456 2890 codd.
476 2835 547 2890 Noe.
588 2836 597 2905 ΗΗ
642 2836 782 2904 Terentio]
803 2857 833 2882 =
853 2834 939 2889 Nora:
957 2837 1088 2887 terrentio
1106 2851 1126 2888 a
1143 2839 1276 2890 terentius

110 2921 140 2975 X
157 2922 370 2988 tlaT)ereutius
393 2939 447 2974 aar
483 2921 492 2991 Η
533 2921 567 2976 28
594 2925 729 2975 excitatus
751 2920 823 2975 codd.
841 2920 912 2975 Non.
934 2917 957 2991 Ἠ
992 2937 1055 2973 eum
1073 2920 1145 2975 codd.
1163 2920 1234 2977 Nou.
1270 2923 1279 2993 Η

109 3026 193 3062 unae
214 3010 241 3060 Π
248 3024 294 3077 pr.
329 3007 338 3077 ΗΗ
373 3007 504 3076 multaQ
538 3009 547 3078 ΗΗ
584 3009 647 3078 nisi]
667 3033 699 3054 =
718 3025 734 3077 q
752 3008 781 3061 ia
800 3008 884 3061 lituro
918 3007 927 3077 Η
965 3009 988 3077 (5
1001 3010 1028 3076 5)
1047 3009 1081 3062 30
1098 3010 1278 3063 multaeidom

112 3094 166 3149 ΟΠ
199 3094 208 3165 ΗΗ
249 3094 328 3149 Vorr.
346 3099 403 3149 ont.
413 3112 465 3149 rer.
478 3095 549 3149 lerum.
569 3093 612 3149 lid.
625 3096 690 3147 XXI
705 3095 743 3163 fr.
752 3112 781 3164 p.
794 3095 846 3148 209
864 3094 945 3166 Bip.,·
959 3095 997 3163 fr.
1013 3098 1024 3149 l
1039 3112 1064 3166 p.
1078 3096 1126 3149 133
1139 3095 1251 3151 Miraelr.
1269 3097 1278 3167 ΗΗ

111 3197 167 3234 uno
187 3181 330 3250 uicesimo]
352 3203 382 3228 =
401 3180 444 3235 N:
462 3181 777 3250 undeuicesimonmq.
822 3181 830 3250 ΗΗ
872 3181 905 3235 32
924 3183 973 3248 ait]
993 3180 1090 3235 autX
1123 3182 1132 3252 ΗΗ
1167 3184 1277 3253 linguas

109 3268 227 3320 amnitid
247 3266 270 3335 Q
277 3284 323 3336 pr.
339 3267 366 3320 Z
415 3267 424 3338 ΗΗ
477 3268 511 3322 33
530 3269 587 3337 qui]
614 3267 644 3321 e'n
670 3285 721 3338 etp.
744 3267 805 3321 add.
823 3267 852 3321 B
903 3267 912 3337 ΗΗ
966 3271 1019 3320 orti
1037 3269 1086 3321 sed
1104 3286 1120 3337 q
1139 3270 1279 3339 ortisetQ

109 3357 208 3423 ortia7
227 3355 260 3424 (a)
274 3354 301 3408 Ζ
334 3354 344 3425 ΗΗ
379 3350 440 3408 κατ’
463 3350 623 3424 diriperetur]
642 3372 655 3409 e
673 3356 745 3407 κατὰ
766 3351 917 3422 ἀντίφρασιν
935 3369 952 3412 ς
973 3371 1006 3408 aa
1026 3355 1093 3408 meis
1109 3372 1181 3410 unam
1199 3356 1277 3423 (Por.

111 3441 205 3505 duom:
232 3447 275 3495 eat
298 3444 444 3494 antifrasim
461 3458 481 3494 a
504 3448 566 3494 cata
588 3443 761 3511 antiphrasin
785 3441 897 3496 Noeta
920 3443 1065 3494 antifrasim
1090 3440 1254 3509 QZBXOH
1268 3443 1277 3510 Η

110 3527 145 3581 34
163 3527 226 3596 alia]
245 3542 304 3596 adp.
323 3526 370 3580 lio.
388 3544 408 3580 oc
459 3526 469 3597 Η
522 3529 546 3593 (§
565 3528 590 3596 6)
618 3528 651 3581 35
675 3530 811 3581 sermonis
835 3526 960 3582 Huschke
977 3526 1069 3581 Multa
1087 3530 1132 3582 ete.
1151 3544 1181 3596 p.
1203 3529 1233 3582 li)
1268 3531 1277 3599 Η

110 3616 314 3684 serruoirmilsit
326 3613 354 3667 B
373 3614 382 3683 ΗΗ
403 3617 427 3666 is
437 3614 481 3683 sit]
493 3639 525 3659 =
535 3631 565 3681 q:
578 3616 654 3666 misit
669 3613 711 3683 Qp
731 3613 740 3684 ΗΗ
763 3615 796 3668 36
806 3615 915 3683 loquuti
926 3612 957 3668 X
972 3613 982 3683 ΗΗ
999 3614 1071 3684 sunt]
1085 3637 1112 3660 =
1126 3614 1162 3678 X,
1171 3617 1204 3667 ut
1211 3614 1277 3669 out..-

108 3699 277 3755 sintBONx
300 3700 310 3771 ΗΗ
338 3702 426 3753 multa
441 3700 525 3755 ΟΠΝ
538 3701 547 3771 Η
569 3701 665 3769 multa]
679 3716 768 3754 omaea
788 3702 797 3770 ΗΗ
827 3701 860 3754 37
873 3703 953 3753 abere
968 3699 1005 3768 Q:
1017 3700 1052 3753 ab
1064 3717 1095 3752 re
1124 3700 1133 3768 Η
1163 3701 1241 3772 Cato]
1255 3721 1277 3756 c.

110 3786 163 3840 ZB
205 3786 214 3856 Η
264 3786 322 3840 uae.
342 3787 405 3858 oriq.
425 3787 468 3841 de.
492 3788 529 3839 IV
545 3788 584 3855 fr.
603 3789 619 3840 4
632 3804 662 3855 p.
685 3788 716 3840 17
735 3787 825 3853 Iord.;
844 3788 882 3855 fr.
901 3788 934 3842 82
948 3805 978 3856 p.
997 3788 1040 3854 74,
1054 3804 1083 3855 p.
1103 3789 1136 3841 55
1155 3787 1193 3841 ed.
1210 3789 1276 3842 mia.

107 3872 167 3926 Pet.
203 3874 212 3944 Η
246 3872 281 3928 38
304 3879 369 3926 sunt
387 3873 455 3925 haec
474 3874 503 3924 Π
544 3872 553 3942 ΗΗ
598 3874 642 3938 i(a.
661 3874 723 3942 l)up
742 3872 795 3926 ZB
812 3876 841 3926 in
860 3873 923 3942 130
971 3873 981 3942 Η
1034 3877 1057 3940 (5
1077 3873 1103 3941 7)
1121 3874 1155 3927 40
1174 3877 1277 3929 uitasse

110 3959 197 4014 XON
211 3962 340 4013 uisitasse
359 3958 414 4014 Ma.
432 3975 476 4026 op.
498 3958 577 4030 ,ilipa
597 3958 798 4026 (Bourdelotiua
815 3959 851 4013 od
868 3959 907 4013 ed.
926 3960 1033 4013 Aoeerm.
1052 3962 1114 4013 teate
1126 3960 1146 4029 i)
1163 3964 1276 4015 vitiasse

109 4044 142 4098 ci.
164 4043 281 4116 Tlryaiua
315 4045 324 4115 ΗΗ
359 4047 390 4098 41
411 4047 439 4097 in
459 4045 563 4115 eastris]
583 4043 768 4114 magistrisX
805 4044 815 4115 ΗΗ
854 4046 942 4097 multa
960 4047 1048 4098 multa
1066 4044 1097 4099 N
1120 4045 1128 4114 ΗΗ
1161 4045 1227 4100 ‘non
1247 4052 1276 4101 in

108 4134 256 4202 comitiof.
273 4135 302 4186 in
322 4135 434 4186 comitio
447 4147 514 4184 vero
528 4133 632 4201 &apud
652 4132 797 4201 populum,
816 4128 963 4184 diceretur’
985 4150 1000 4184 o
1017 4136 1043 4186 et
1058 4131 1097 4186 cic
1108 4132 1277 4204 Bouporeiuo

108 4222 200 4274 leetec
223 4221 313 4289 finon
332 4222 408 4272 utin
428 4222 541 4272 comitio
560 4220 661 4272 autad
680 4220 816 4288 populum
836 4219 1003 4272 dicereturc
1036 4219 1045 4289 ΗΗ

194 4307 233 4362 II:
252 4307 291 4358 Ill
310 4305 340 4359 in
358 4306 443 4359 lemica
462 4305 554 4360 tabula
565 4308 606 4374 Π,
623 4306 713 4375 iprum
730 4309 881 4375 cepaticum
894 4305 1065 4375 praecedente
1081 4308 1159 4362 oeldo
1170 4311 1277 4365 numeri

106 4397 171 4447 noto
188 4392 312 4463 oppoaito
329 4392 508 4462 condormiit)
554 4393 562 4464 ΗΗ
609 4393 717 4463 (kuina)
746 4394 832 4447 uolt.
851 4395 896 4461 de]
922 4410 972 4448 om.
990 4394 1018 4448 B
1061 4395 1070 4466 ΗΗ
1118 4396 1277 4451 3nitidiori

108 4478 185 4548 Bpr.
221 4480 231 4551 Η
266 4480 350 4549 uictu]
369 4486 445 4533 metu
465 4480 541 4550 Qpr.
576 4480 586 4550 ΗΗ
625 4483 654 4533 iu
673 4481 799 4550 initioQ
833 4480 842 4550 ΗΗ
877 4484 945 4534 vitio
964 4483 1129 4552 ponebatur]
1149 4486 1276 4554 uitioqne
