3046 5490
212 822 276 888 308
731 826 826 886 XVII.
849 844 870 885 1.

178 1001 196 1059 l
298 997 338 1059 ll.
364 995 496 1057 Cicero
519 1015 584 1073 pro
607 997 647 1057 ll.
672 995 800 1057 Caelio
816 997 859 1056 ita
876 997 994 1056 scribit:
1017 996 1109 1055 Nam
1133 996 1232 1073 quod
1255 997 1433 1058 obice-15

212 1104 286 1160 tum
320 1105 379 1160 est
411 1099 455 1159 de
488 1099 683 1176 pudicitia
716 1099 896 1176 quodque
931 1100 1090 1159 omnium
1121 1105 1391 1160 accusatorum

213 1221 286 1263 non
315 1202 554 1281 criminibus,
583 1202 650 1263 sed
677 1203 839 1262 vocibus
872 1202 1175 1278 maledictisque
1210 1203 1389 1263 celebra-

212 1309 287 1365 tum
311 1310 384 1384 est,
407 1305 445 1364 id
467 1323 665 1382 numquam
693 1310 766 1364 tam
796 1305 935 1365 acerbe
965 1304 1063 1364 feret
1084 1305 1124 1365 Μ.
1149 1303 1324 1383 (laelius,
1349 1312 1391 1366 nt

178 1414 293 1471 teum
326 1408 539 1487 paeniteat,
573 1426 645 1467 non
677 1408 885 1467 deformem
914 1425 1001 1469 esse
1035 1413 1173 1468 natum.
1223 1407 1293 1467 Non
1326 1408 1390 1469 exi·

213 1516 345 1572 stumant
373 1512 466 1570 verbo
496 1511 619 1587 proprio
649 1528 719 1570 esse
747 1528 846 1588 usum,
876 1510 959 1585 quod
981 1511 1023 1568 ait
1050 1510 1268 1588 paeniteat,
1292 1515 1433 1588 atqueto

178 1614 245 1677 oid
265 1632 363 1691 prope
384 1614 518 1690 ineptum
542 1614 631 1674 etiam
648 1631 716 1673 esse
739 1612 851 1674 dicunt.
899 1606 990 1671 ‘Nam
1007 1602 1211 1692 ‘paenitere’',
1233 1613 1389 1694 inquiunt,

208 1706 284 1776 ‘tum
308 1717 409 1777 dicere
433 1718 577 1796 solemne,
601 1734 668 1776 cum
692 1734 770 1793 quae
792 1715 854 1793 ipsi
882 1714 1009 1776 fecimus
1038 1722 1090 1775 aut
1117 1733 1195 1793 quae
1218 1714 1256 1775 de
1279 1722 1388 1777 nostra

213 1820 370 1880 voluntate
398 1824 565 1895 nostroque
595 1819 722 1880 consilio
753 1819 834 1879 lacta
861 1822 940 1895 sunt,
971 1835 1007 1877 ea
1034 1819 1123 1879 nobis
1145 1824 1217 1895 post
1237 1819 1390 1897 incipiunt

180 1922 375 1999 ldisplicere
410 1922 650 1997 sententiamque
684 1922 714 1980 in
747 1921 785 1981 iis
818 1925 953 1981 nostram
986 1912 1203 1999 demutamus3’
1234 1923 1389 1983 neminem

213 2030 313 2085 autem
334 2028 417 2084 recte
440 2025 482 2083 ita
504 2025 590 2100 loqui
613 2013 783 2100 ‘paenitere
807 2041 887 2102 sese,
919 2024 1001 2099 quod
1027 2029 1116 2084 natus
1147 2014 1199 2085 sit’
1224 2030 1276 2084 ant
1298 2015 1431 2102 ‘pce-25

212 2129 319 2206 nitere,
343 2126 426 2203 quod
448 2127 582 2186 mortalis
606 2115 657 2186 sit’
681 2132 733 2185 aut
749 2118 849 2202 ‘quod
871 2145 907 2185 ex
931 2127 1047 2187 offenso
1064 2127 1143 2187 torte
1165 2128 1388 2205 vulneratoque

214 2247 341 2307 corpore
364 2229 499 2288 dolorem
524 2221 658 2307 sentiet',
682 2229 803 2305 quando
827 2230 998 2289 istiusmodi
1020 2248 1118 2289 rernm
1146 2247 1203 2290 nec
1225 2231 1389 2292 consilium

214 2333 254 2393 sit
275 2337 410 2392 nostrum
432 2349 489 2391 nec
511 2331 676 2410 arbitrium,
701 2332 756 2392 sed
779 2350 815 2391 ea
837 2332 962 2408 ingratis
977 2332 1089 2392 nostris
1104 2333 1135 2391 vi
1150 2351 1186 2392 ac
1201 2334 1388 2394 necessitate

179 2440 339 2498 dnaturao
360 2434 450 2494 nobis
473 2434 626 2493 accidant:
649 2423 741 2494 ‘sicut
761 2423 888 2513 hercle',
912 2436 1061 2513 inquiunt,
1086 2425 1161 2495 ‘non
1183 2437 1388 2498 voluntarium

214 2537 272 2596 luit
303 2536 344 2595 Μ.
380 2536 499 2615 Caelio,
534 2537 617 2613 quali
651 2537 747 2596 forma
779 2543 971 2616 nasceretur,
999 2539 1084 2599 cuius
1114 2556 1181 2598 eum
1211 2538 1287 2598 dixit
1307 2531 1432 2600 ‘nonae

213 2631 394 2718 paenitere',
417 2645 571 2715 tamquam
592 2640 624 2698 in
647 2657 684 2699 ea
705 2658 798 2700 causa
825 2659 874 2701 res
904 2646 996 2719 esset,
1025 2646 1058 2700 ut
1083 2641 1231 2700 rationem
1262 2648 1388 2719 caperet

213 2733 412 2819 paenitendi'

179 2857 198 2917 u
299 2845 356 2904 Est
383 2844 460 2905 haec
490 2845 628 2923 quidem,
658 2863 749 2922 quarn
779 2847 897 2925 dicunt,
925 2847 1011 2906 verbi
1032 2846 1158 2906 huiusce
1181 2847 1334 2907 sententia
1358 2852 1389 2908 et

208 2937 390 3024 ‘paenitere’
420 2949 480 3009 nisi
507 2949 539 3008 in
566 2949 744 3009 voluntariis
772 2951 864 3009 rebus
892 2967 953 3009 non
981 2950 1077 3026 probe
1107 2949 1230 3027 dicitnr,
1263 2953 1388 3012 tametsi

213 3051 401 3126 antiquiores
423 3051 516 3110 verbo
540 3051 608 3127 ipso
632 3051 692 3110 alio
717 3068 840 3127 quoque
855 3049 945 3110 modo
961 3050 1065 3110 usitati
1081 3055 1150 3110 sunt
1172 3054 1202 3110 ct
1219 3044 1383 3128 ‘paenitet'
1395 3061 1429 3109 35

214 3156 252 3214 ab
277 3172 324 3233 eo,
348 3154 431 3231 quod
455 3158 502 3214 est
517 3145 654 3232 ‘paene',
679 3158 709 3214 ct
725 3143 895 3230 ‘paenuria'
922 3154 1070 3213 dixerunt.
1116 3153 1176 3214 Sed
1191 3154 1223 3214 id
1241 3154 1387 3216 aliorsum

212 3259 345 3335 pertinet
365 3262 457 3334 atque
480 3257 539 3316 alio
562 3257 593 3316 in
615 3258 683 3317 loco
708 3257 831 3316 dicetur.

165 3374 198 3431 w
299 3362 389 3420 Nunc
410 3364 510 3420 autern
534 3361 589 3420 sub
617 3359 675 3421 hac
704 3360 810 3420 eadem
839 3358 1069 3437 significatione,
1097 3377 1176 3435 quae
1197 3359 1289 3435 vulgo
1311 3364 1387 3420 nota

214 3505 417 3516 —n-

303 3576 501 3735 (Ξίξῗέῃὲὶο
519 3682 549 3734 p.
571 3665 612 3720 Μ.
628 3664 716 3720 Caelio
737 3681 775 3720 or.
794 3666 843 3731 §6
878 3665 887 3736 11
932 3667 1042 3735 scripsit
1060 3663 1143 3719 XllO
1153 3681 1251 3721 m.rec.
1275 3665 1388 3720 scribsit

217 3766 272 3823 ΟΝ
295 3769 304 3838 11
334 3769 488 3821 subiectum
504 3768 555 3838 QZ
582 3768 592 3839 11
621 3759 698 3823 ldee
715 3768 747 3823 N
772 3770 781 3840 11
811 3768 1027 3822 sensatorumZ
1054 3767 1063 3838 11
1095 3769 1127 3821 17
1145 3769 1387 3824 criminationibus

217 3853 392 3924 Oicchurt.
427 3855 436 3924 11
473 3854 505 3909 18
523 3858 600 3908 tieret
620 3855 650 3907 Π
681 3857 690 3926 11
726 3857 837 3909 cecilius
859 3855 910 3924 QZ
942 3855 952 3924 11
988 3855 1020 3908 19
1039 3857 1115 3922 eum]
1135 3858 1168 3907 cd
1187 3855 1215 3908 Z
1241 3855 1251 3927 11
1280 3859 1389 3925 penitet

215 3942 243 3995 Z
247 3944 313 4011 μ’
346 3942 356 4011 11
409 3958 465 3996 non
485 3943 824 4011 deformem—paeniteat]
847 3945 909 4011 poet
936 3945 1077 4010 paeniteat
1102 3940 1132 3994 ia
1158 3959 1209 4013 ηις.
1238 3941 1300 3997 add.
1326 3959 1341 3996 z
1376 3943 1387 4012 1

215 4029 366 4099 desoer
398 4029 408 4100 11
444 4031 508 4097 (15)
527 4016 614 4082 rico
653 4028 662 4099 1
703 4029 802 4098 absit]
821 4029 850 4081 id
869 4031 981 4096 (caeaqq.
996 4031 1176 4097 praeceptum)
1196 4027 1224 4083 Z
1255 4029 1265 4100 1
1300 4029 1331 4083 21
1346 4030 1388 4101 id]

215 4115 310 4170 om.O
346 4116 355 4186 11
390 4117 483 4186 etiam]
502 4132 553 4170 om.
572 4114 600 4170 Z
631 4113 640 4182 11
676 4119 700 4182 (5
719 4117 746 4183 6)
764 4116 798 4170 22
817 4133 908 4186 eumq,
926 4117 981 4183 ipsi
1000 4113 1145 4183 ZXpr.N
1147 4132 1192 4184 pr.
1227 4114 1238 4185 1
1270 4115 1389 4171 altorem

215 4203 296 4271 quac]
316 4201 411 4271 om.Q
447 4204 457 4273 11
492 4201 526 4255 24
543 4202 598 4254 hiis
617 4200 645 4256 Z
660 4202 704 4254 his
725 4202 752 4255 ll
786 4202 795 4272 11
841 4204 865 4270 (§
884 4202 962 4271 7125
981 4190 1108 4271 loquitq
1142 4202 1151 4270 1
1186 4202 1220 4256 26
1244 4201 1319 4271 quod
1339 4203 1387 4274 ex]

215 4290 305 4343 codex
336 4290 366 4341 Π
409 4287 418 4359 11
483 4288 631 4342 uulnerato
658 4304 679 4342 τε
702 4289 923 4342 uurlncretoasse
943 4288 1040 4357 (quod)
1059 4286 1089 4341 X
1145 4287 1154 4358 11
1212 4289 1245 4343 27
1268 4304 1388 4358 corpore

205 4362 365 4445 (corpe-ll)
388 4375 487 4429 dolore
505 4374 632 4429 dolorem
651 4374 711 4429 ΧΠ
754 4376 765 4445 11
808 4376 942 4442 sensero.
962 4375 1069 4442 *arelat
1087 4373 1117 4428 Χ
1123 4391 1169 4444 pr.
1209 4375 1218 4445 11
1261 4374 1295 4431 28
1313 4379 1395 4445 nior,

217 4479 241 4549 Q
276 4479 285 4549 11
326 4480 422 4533 sedeat
440 4478 470 4533 X
516 4477 527 4548 11
573 4480 722 4550 iulgratis
742 4479 923 4550 Z(ingrntiis
941 4480 973 4546 κ)
1024 4479 1033 4548 1
1087 4480 1198 4549 nostris]
1222 4497 1253 4533 a:
1280 4481 1311 4532 in
1328 4463 1387 4534 nris

217 4565 355 4637 QZOHN
370 4567 413 4634 (ca
429 4569 556 4637 ingratis
574 4569 665 4639 repet.)
683 4567 717 4636 cf.
734 4566 797 4622 adn.
815 4583 854 4635 sq.
877 4569 915 4635 (in
935 4567 1099 4635 corporibus
1118 4569 1218 4619 nostris
1236 4569 1260 4634 c)
1303 4564 1313 4636 11
1356 4568 1388 4621 in

214 4658 522 4725 lacrimabilem
542 4670 572 4725 x
613 4672 622 4742 1
673 4672 707 4726 ae
734 4671 909 4725 scolounta
942 4669 951 4738 1
996 4669 1064 4737 (ss)
1084 4669 1196 4725 sicxo
1230 4670 1239 4740 1
1280 4672 1310 4725 31
1332 4672 1389 4725 ”rei

212 4759 311 4812 ‘'causa
329 4757 357 4810 Z
407 4759 416 4828 11
469 4761 493 4825 (5
513 4760 539 4828 9)
563 4760 597 4815 33
616 4759 755 4830 huiuslecq
773 4757 806 4813 N
824 4759 907 4811 huius
927 4759 956 4810 ll
1011 4758 1020 4826 11
1079 4757 1112 4812 36
1136 4764 1163 4811 et
1180 4775 1197 4810 a
1215 4756 1328 4813 ZOHN
1378 4759 1389 4831 1

214 4845 248 4898 37
267 4843 395 4914 pertinet]
414 4844 490 4898 Ala:
507 4848 613 4914 penitet
632 4843 889 4915 QZOlleemtet
907 4842 937 4898 X
970 4844 978 4911 1
1015 4845 1039 4910 (5
1060 4845 1101 4912 101
1120 4844 1154 4899 38
1171 4845 1232 4914 han,
1250 4845 1348 4899 cadem
1365 4862 1388 4900 cn

213 4931 266 4984 hac
284 4929 353 4983 eade
372 4930 469 4983 eadem
489 4930 519 4985 X
550 4930 560 4998 1
595 4931 704 5000 netaQ
738 4931 747 5001 11
