3046 5490
546 1033 596 1127 A.
630 1030 869 1128 sisinn
1088 1082 1091 1089 ·

148 1205 403 1304 ΝΟΟΤΝΜ
429 1204 768 1302 Auuicssvis
797 1204 976 1301 LIBER
1007 1204 1268 1330 QVARTVS

569 1378 831 1476 DECIMVS.

692 1708 723 1777 Ι.

123 1827 289 1880 Dissertatio
313 1827 443 1880 Favorini
466 1828 630 1897 philosophi
653 1828 785 1883 adversus
809 1845 866 1896 eos,
889 1832 937 1898 qui
962 1829 1095 1882 Chaldaei
1114 1829 1289 1899 appellantur

176 1918 204 1966 et
222 1930 256 1967 ex
276 1920 356 1967 coetu
374 1915 553 1983 motibusque
571 1916 694 1968 siderum
713 1922 741 1968 et
757 1916 900 1969 stellarum
923 1917 979 1969 iste
1002 1915 1147 1969 hominum
1166 1916 1288 1970 dicturos

176 2002 352 2070 pollicentur.

98 2126 112 2172 5
209 2109 377 2169 Adversum
399 2109 485 2187 istos,
510 2110 561 2185 qui
584 2128 652 2170 sese
675 2101 872 2169 ‘Chaldaeos'
901 2127 954 2169 seu
977 2101 1206 2186 ‘genethliacos’
1234 2109 1317 2189 sep-i

122 2213 238 2288 pellant
270 2231 305 2272 se
339 2213 377 2272 de
406 2217 488 2271 motu
516 2213 615 2288 deque
642 2213 744 2288 positu
772 2213 924 2272 stellarum
954 2212 1054 2272 dioere
1081 2231 1184 2290 posse,
1208 2232 1286 2289 quae

123 2314 223 2375 sutura
251 2319 329 2393 sunt,
358 2315 544 2392 profitentur,
573 2314 740 2374 audivimus
764 2313 914 2390 quondam
942 2314 1167 2374 Favorinum
1189 2316 1286 2392 philo·

123 2417 252 2495 sophum
274 2420 388 2479 Romae
412 2419 527 2479 Graece
543 2418 741 2477 disserentem
757 2417 878 2493 egregie
893 2421 985 2491 atque
1000 2417 1117 2475 inlustri
1135 2418 1285 2497 oratione;

123 2521 284 2581 exercendi
305 2526 414 2599 sutem,
448 2540 509 2581 non
532 2520 703 2580 ostentandi
724 2520 820 2596 gretie
840 2519 963 2598 ingenii,
986 2537 1024 2578 an
1045 2519 1127 2594 quod
1150 2519 1191 2578 ita
1207 2520 1319 2580 serint

688 2636 703 2681 1

214 2802 436 2872 QZXOHNTY

211 2891 275 2943 LIB.
299 2890 371 2943 XIV.
413 2889 543 2943 Mantum
569 2905 622 2943 esse
652 2886 848 2951 hunctionem,
874 2885 996 2954 prismeio
1021 2903 1076 2942 non
1093 2885 1150 2942 eise
1175 2887 1286 2953 mutelo,

121 2974 230 3030 coniecit
247 2994 273 3029 m
293 2976 352 3038 690,
366 2981 393 3043 93
413 2976 472 3045 707,
487 2981 531 3044 173
549 2974 703 3030 ateorwidlt
714 2976 899 3044 ammentum
917 2972 973 3026 eius
980 2973 1154 3042 primarium,
1172 2975 1222 3028 XV
1235 2975 1286 3042 7,3

122 3069 204 3116 noete
229 3077 341 3129 quoque
365 3065 418 3114 iste
440 3065 625 3131 proximiore,
654 3079 715 3115 oum
742 3062 845 3114 librum
871 3060 1051 3129 epistularum
1075 3061 1133 3113 divi
1156 3063 1287 3132 Augusti,

123 3165 193 3218 quas
213 3148 248 3199 od
268 3147 367 3199 Gaium
385 3154 515 3217 nepotem
534 3166 614 3202 suurn
627 3152 745 3218 scripsit,
762 3148 928 3217 legeremus,
945 3145 1060 3218 intelleqi
1072 3164 1150 3217 posse
1161 3148 1192 3203 de
1203 3149 1288 3220 eapite

121 3235 213 3302 allqso
226 3232 269 3287 lib.
282 3234 353 3303 XIV,
371 3234 504 3302 quodds'oi
515 3234 632 3306 Aupserti
648 3234 824 3306 epistularum
837 3232 994 3288 motiones
1011 3233 1179 3300 monsterii,
1191 3237 1288 3291 collato

124 3321 167 3376 lib.
187 3321 225 3372 IX
244 3322 260 3373 4
279 3323 327 3387 §5
353 3322 440 3375 libros
467 3323 603 3391 plurimos
630 3338 693 3376 eere
720 3336 808 3392 pauco
837 3336 899 3373 emo
928 3336 1033 3389 eosque
1061 3324 1151 3374 omnis
1178 3322 1286 3376 duobus

124 3410 259 3477 proximis
278 3408 406 3461 noctibus
419 3412 520 3462 cursim
533 3415 657 3476 transe03
676 3407 745 3477 quod
762 3424 823 3462 vero
833 3409 952 3462 remanet
967 3406 1090 3471 olaemm,
1108 3407 1177 3462 lunc
1188 3408 1286 3464 libmsm

124 3497 178 3547 oete
197 3493 272 3548 rrrodo
290 3493 380 3563 capito
397 3494 528 3549 continere
544 3512 576 3550 ac
593 3495 661 3550 sot'w
678 3494 761 3560 breve,
786 3494 827 3549 vel
852 3492 956 3548 ὺνευίαε
974 3492 1017 3546 lib.
1036 3493 1086 3546 XX
1108 3493 1203 3549 mutili
1225 3511 1286 3561 esse,

123 3577 152 3632 ld
169 3579 193 3632 ei
210 3578 263 3648 ipsi
280 3578 468 3634 semendosium
493 3580 581 3635 oleum
606 3596 660 3635 esee
679 3584 756 3649 potet
806 3580 816 3651 ΙΙ
868 3596 889 3634 e.
907 3581 928 3633 l.
952 3577 1100 3646 Initiums
1121 3583 1132 3634 l
1152 3597 1234 3650 sesque
1251 3582 1288 3636 ud

123 3668 287 3734 profitentur
305 3666 351 3720 lin.
370 3668 386 3720 7
405 3670 431 3721 et
445 3667 509 3736 finis
526 3668 587 3722 inde
604 3685 621 3721 α
639 3667 794 3721 Favorinus
813 3672 826 3733 5
845 3666 878 3720 32
897 3666 944 3720 lin.
964 3667 1014 3720 172
1031 3669 1140 3720 exstant
1155 3667 1185 3722 ln
1207 3668 1286 3739 ΤΥΙΙ

124 3752 231 3821 (mm.)
250 3754 266 3806 2
285 3756 366 3806 isuor
382 3757 423 3806 ini
441 3755 573 3821 (senorini
591 3754 620 3822 x)
639 3753 768 3823 philophi
787 3753 1042 3821 *essseleduersus
1061 3754 1168 3823 (eduers
1181 3755 1287 3828 ninid.)

125 3838 155 3893 X
187 3839 196 3908 ΙΙ
232 3840 340 3892 chaldei
359 3839 445 3894 Xon
461 3841 547 3894 culdei
569 3838 619 3909 QZ
640 3857 671 3893 oo
692 3839 731 3894 eie
747 3842 771 3893 et
787 3838 918 3903 εἰηιὶἰίΐεν,
936 3842 968 3893 ul
985 3840 1105 3910 chodeos
1123 3840 1148 3893 Τ
1163 3842 1287 3897 chudeos

129 3923 157 3979 Y
162 3942 207 3994 pr.
226 3925 272 3980 lin.
291 3929 307 3981 5
325 3930 379 3991 eto,
406 3926 469 3981 libri
487 3927 591 3997 passim
605 3944 656 3996 per
672 3926 719 3980 loc
735 3942 792 3994 cap.
839 3925 849 3995 ll
892 3927 962 3996 3et]
976 3929 1041 3995 post
1058 3942 1093 3978 ex
1111 3943 1161 3981 orn.
1182 3927 1234 3997 QZ
1277 3929 1287 3999 ll

124 4019 186 4063 cetu
204 4013 261 4065 ΖΠ
277 4019 340 4065 cotu
361 4013 385 4083 Q
403 4016 511 4082 coituq
563 4013 573 4083 ll
625 4015 696 4066 isole
714 4011 827 4067 XOHN
849 4004 957 4066 fntnse
974 4029 1038 4082 evp.
1062 4013 1119 4065 sete
1138 4014 1225 4084 [se]l
1277 4016 1287 4085 11

124 4098 230 4150 diluros
249 4099 277 4151 Z
309 4098 319 4169 ΙΙ
354 4100 376 4168 (5
397 4103 422 4169 l)
441 4103 457 4154 5
475 4100 578 4154 istfiT
610 4100 621 4170 ll
655 4108 737 4170 genet
755 4099 859 4153 hliscos
879 4099 908 4153 X
915 4117 959 4168 pr.
994 4098 1003 4168 Η
1039 4098 1227 4168 6deque1=
1250 4101 1286 4171 Q:

124 4184 192 4251 deq
239 4185 248 4255 ll
295 4187 458 4255 ipfitenter
476 4186 506 4241 X
511 4204 556 4257 pr.
609 4186 618 4255 ll
670 4186 920 4256 audivimus-Set]
949 4185 995 4240 lin.
1028 4185 1074 4238 172
1101 4201 1151 4240 om,
1178 4187 1235 4242 ΤΥ
1276 4188 1286 4258 ΙΙ

123 4272 225 4342 segre
244 4289 275 4326 ce
293 4275 330 4343 (e)
349 4272 379 4327 X
385 4291 431 4342 pr.
466 4274 475 4344 ΙΙ
511 4273 633 4344 egregie]
653 4282 694 4327 est
711 4276 804 4344 grecis
822 4272 849 4326 Z
881 4271 890 4342 il
926 4273 1052 4325 inlustri*
1071 4270 1099 4340 (o
1118 4272 1286 4332 exilitati&

124 4410 176 4447 voc.
188 4410 226 4462 sq.
235 4397 415 4466 praeceptum)
428 4394 458 4449 X
479 4394 488 4465 il
524 4401 548 4464 (§
561 4397 588 4466 2)
606 4397 622 4450 9
636 4403 727 4451 sutem
741 4397 807 4466 non]
823 4395 869 4466 Qi:
889 4401 936 4448 sut
948 4410 983 4448 ne
1003 4394 1032 4445 ll
1052 4372 1100 4448 eut
1118 4394 1157 4464 (in
1175 4412 1225 4467 nep.
1238 4398 1287 4467 en)
