3046 5490
607 352 715 411 XVIII.
747 372 799 415 uu.
1222 349 1282 416 381

119 522 220 581 bonae
243 523 349 581 salutis
372 539 444 598 spes
471 523 590 598 reliqua
617 528 673 601 est,
702 542 768 583 cum
796 541 852 582 vos
882 541 1014 602 quoque,
1036 524 1285 602 philosophorum

77 625 334 702 15inlustrissimi,
357 625 504 684 nihilium
526 625 607 684 aliud
630 645 719 702 quam
733 628 827 685 verba
849 627 1104 702 auctoritatesque
1126 630 1285 688 verborum

120 728 204 788 cordi
225 729 354 789 habetis.
399 729 514 788 Mittam
530 733 629 788 antem
645 730 753 789 librum
764 730 829 805 tibi,
852 730 882 788 in
906 748 965 805 quo
988 731 1020 789 id
1041 731 1186 808 reperias,
1203 732 1285 807 quod

120 832 252 907 quaeris.
297 832 362 908 Ego
391 833 470 891 enim
498 833 708 908 grammaticus
736 834 817 893 vitae
846 833 905 891 iam
934 839 1026 909 atque
1053 852 1168 893 morum
1197 835 1285 894 disci·

118 934 218 1010 plinas
253 952 382 1011 quaero,
420 952 476 994 vos
513 934 688 1010 philosophi
725 953 808 994 mera
844 936 934 1012 estis,
967 941 1000 994 ut
1032 937 1071 995 M.
1107 935 1198 996 (lato
1233 938 1285 1015 ait,

113 1025 314 1113 ‘mortualia'3
337 1038 469 1113 glosaria
489 1055 620 1113 namque
649 1038 799 1113 conligitis
829 1043 858 1097 et
886 1038 1008 1116 lexidia,
1035 1056 1085 1099 res
1114 1044 1227 1099 taetras
1256 1046 1286 1098 et

77 1139 225 1198 aoiuanes
249 1144 279 1199 et
302 1139 436 1217 frivolas,
459 1146 613 1215 tamqnam
635 1141 791 1200 mulierum
813 1158 905 1200 voces
933 1140 1139 1218 practicarum.
1183 1141 1284 1218 Atque

118 1235 255 1319 utinam’,
279 1243 386 1319 inquit,
404 1233 490 1302 ‘muti
514 1261 617 1303 omnes
639 1244 777 1303 homines
801 1246 951 1303 essemus!
982 1245 1078 1303 minus
1106 1245 1283 1322 improbitas

118 1345 308 1404 instrumenti
329 1337 477 1406 haberet'.

206 1447 341 1524 Cumque
374 1449 502 1525 digressi
536 1467 682 1527 essemus,
705 1443 780 1509 ‘non
807 1442 1011 1527 tempestive',
1041 1450 1138 1525 inquit
1165 1444 1316 1509 ravo-l

118 1552 239 1628 rinus,
257 1541 349 1612 ‘hunc
371 1552 522 1611 hominem
545 1552 739 1612 aecessImns.
783 1552 908 1611 Videtur
931 1553 1008 1611 enlm
1031 1552 1103 1611 mihi
1127 1547 1284 1634 ἐπισήμως

75 1650 295 1735 πῡμαίνεσθαι.
352 1645 490 1733 Scitote',
528 1655 641 1732 inquit,
670 1647 785 1713 ‘tamen
818 1655 1026 1730 intemperiem
1062 1655 1168 1732 istam,
1206 1674 1284 1731 qnae

113 1745 338 1838 ‘palmalis'
364 1759 481 1836 dicitur,
515 1777 576 1817 non
608 1759 711 1835 parvis
739 1776 796 1817 nec
824 1758 951 1817 abiectis
979 1758 1107 1834 ingenita
1136 1758 1284 1835 accidere,

211 2000 435 2070 aaronitas

208 2108 239 2158 14
263 2107 345 2158 saluti
364 2121 426 2173 spes
445 2120 465 2157 oc
492 2105 587 2157 salutis
606 2120 655 2173 pes
674 2102 704 2157 X
745 2105 755 2173 ll
802 2121 849 2157 uras
874 2103 902 2157 Y
945 2104 954 2172 ll
1001 2105 1124 2173 quoque]
1146 2105 1244 2159 om.T
1275 2105 1285 2175 ll

120 2193 152 2247 15
171 2193 241 2244 nihil
260 2194 315 2244 iarn
334 2190 418 2258 aliud]
439 2214 471 2235 --
490 2189 541 2244 litt.
560 2191 569 2242 l
588 2193 615 2242 iri
633 2191 670 2242 eli
688 2189 718 2243 irs
735 2206 789 2244 rae.
813 2190 898 2258 pareto
924 2191 1076 2261 anparere
1097 2191 1196 2261 positia
1213 2208 1233 2245 a
1276 2192 1285 2261 I

119 2278 152 2332 16
171 2278 296 2331 habeatis
315 2276 445 2331 XOIITa
488 2275 498 2344 ll
551 2277 617 2345 quo]
637 2300 666 2321 =
687 2293 716 2344 q:
740 2279 794 2346 qu‘c
812 2275 957 2344 uteld.Q
1008 2277 1018 2345 ΙΙ
1071 2282 1210 2346 repperias
1232 2277 1288 2346 ΘΠ

116 2367 238 2434 reperies
256 2363 357 2418 ataid.
375 2362 453 2432 Xpr.
488 2363 498 2433 ll
534 2378 590 2431 quo
610 2361 637 2416 Z
670 2362 679 2432 ss
717 2364 748 2416 17
767 2365 856 2415 *siam
876 2363 923 2431 (et)
942 2361 973 2415 X
1006 2363 1015 2432 l
1052 2363 1084 2418 18
1095 2365 1180 2433 mero]
1200 2363 1285 2417 trium

114 2452 172 2520 fere
190 2450 240 2505 litt.
258 2455 327 2521 spat.
345 2468 401 2505 vae.
419 2451 462 2504 rel.
484 2465 534 2503 om.
560 2448 587 2501 Y
640 2448 649 2519 l!
704 2455 796 2501 mesto
816 2447 843 2500 Z
887 2447 896 2516 11
949 2447 990 2502 Μ.
1009 2448 1087 2502 Porc.
1109 2448 1167 2503 Gal.
1183 2450 1220 2517 fr.
1240 2449 1283 2502 lib.

117 2537 169 2592 iac.
190 2539 221 2591 19
235 2555 265 2606 p.
283 2538 317 2593 87
336 2537 410 2592 Iord.
450 2537 459 2606 ll
501 2536 532 2590 19
552 2535 711 2602 mortuslia]
730 2533 924 2600 PScrioeriua,
948 2532 1062 2587 IDouea
1084 2534 1285 2588 centrarioaotuo

117 2623 222 2679 luat.
240 2623 301 2678 LB.
323 2625 402 2693 1587,
431 2620 536 2676 ‘Placet
558 2622 706 2675 Mortualia
723 2619 741 2673 i.
759 2637 780 2673 e.
807 2612 928 2673 omenioe'
951 2638 965 2671 a
991 2621 1025 2687 cs.
1051 2619 1144 2675 Plaut.
1163 2620 1241 2674 Auia.
1260 2638 1283 2675 v.

118 2709 184 2778 8083
202 2709 286 2764 Nuce.
300 2710 410 2780 Irpcurp.
420 2711 458 2777 fr.
472 2710 561 2762 XVIII
567 2725 596 2777 p.
609 2709 640 2761 12
653 2706 730 2762 Ritu.
753 2706 865 2760 ΤΗΝ
889 2710 1041 2759 mortuaria
1075 2708 1084 2775 ΙΙ
1124 2711 1283 2762 mortuaria.

120 2795 262 2850 Glossaria
280 2796 303 2849 r':
321 2800 474 2850 mortuaria
493 2796 594 2867 glos(ss
613 2795 640 2848 Z
659 2795 693 2862 cf.
714 2793 839 2857 GLoeroe,
862 2793 905 2846 air
922 2793 1038 2863 eprepiue
1054 2796 1087 2858 et,
1110 2797 1142 2848 ut
1158 2793 1284 2848 amatae

117 2898 245 2937 cormeum
267 2883 433 2952 praeliarent,
461 2883 556 2952 pretores
581 2880 767 2936 cmwuetudiac
793 2880 849 2934 eius
871 2880 913 2934 uti
939 2879 1021 2945 licuit,
1049 2880 1179 2935 candidus
1205 2883 1284 2949 atqcue

117 2969 243 3024 amabilia
260 2970 290 3023 ia
305 2971 370 3038 flore
387 2970 484 3025 aetatis
501 2986 565 3024 caeru
582 2967 749 3024 acerbissimo
768 2971 830 3021 arete
843 2983 945 3036 paucos
963 2967 1018 3021 (lies
1035 2967 1132 3022 litteris
1149 2972 1173 3022 et
1190 2968 1285 3023 aarum

117 3059 230 3125 ereptus,
239 3057 332 3125 prodr.
342 3058 420 3127 ploce.
428 3074 457 3125 p.
472 3061 483 3111 l
498 3059 616 3125 equoris.
629 3057 659 3125 (s.
665 3070 676 3122 ,¹
693 3054 809 3108 dictitat.
828 3071 878 3108 ont.
897 3053 933 3123 Υ)
951 3054 1013 3109 liert
1024 3055 1065 3124 (ia
1078 3072 1129 3126 ηις.
1141 3055 1222 3109 iterat
1233 3056 1257 3123 o)
1275 3056 1284 3124 ll

118 3145 249 3213 namque]
276 3144 343 3198 coni.
365 3144 480 3198 IDousa
507 3143 524 3198 l.
544 3144 569 3207 l.,
597 3142 620 3197 i:
647 3144 762 3210 namqui
790 3142 819 3193 Π
844 3158 985 3209 3namque
1013 3141 1091 3195 Tea
1112 3142 1154 3196 eil.
1179 3162 1186 3210 3
1210 3143 1241 3212 (.
1266 3148 1283 3209 .)

118 3230 170 3296 nte.
188 3230 270 3297 N)am
289 3233 338 3298 qui
355 3231 410 3285 rell.
473 3232 482 3300 Η
542 3231 673 3299 colligItis
700 3229 736 3282 T:
755 3228 891 3296 collegitis
911 3228 954 3295 (es.
976 3227 1091 3283 OKellcr
1116 3232 1167 3283 act.
1193 3246 1283 3299 pyrra.

55 3369 56 3372 ,
118 3317 212 3372 Arrotr.
240 3335 266 3371 a.
291 3317 357 3372 1862
376 3335 406 3386 p.
431 3318 492 3386 328)
521 3317 551 3371 X
580 3317 726 3386 conlegisti
754 3314 786 3368 N
809 3316 947 3383 collegisti
968 3315 1108 3383 QZOHY
1131 3317 1283 3385 collegistis

117 3403 214 3459 Dorcea
239 3405 255 3458 l.
275 3404 291 3459 l.
342 3404 352 3474 ll
404 3406 536 3473 colligitis
560 3409 587 3456 et
609 3403 716 3456 lexidia
738 3408 766 3454 et
787 3418 831 3454 res
855 3407 938 3454 tetras
958 3420 973 3454 c
996 3402 1046 3470 (nil
1071 3402 1126 3455 aiei
1143 3406 1284 3470 utramque

114 3490 280 3561 particulam
298 3490 483 3560 copulatiorem,
511 3489 541 3543 de
558 3489 615 3543 rell.
633 3488 791 3553 issara-ioan,
820 3487 914 3541 testari
931 3487 1035 3541 mdeurr
1053 3507 1080 3554 φ,
1104 3487 1140 3541 art
1157 3487 1239 3556 priua
1257 3494 1284 3540 et

118 3578 252 3633 adeotatae
274 3576 326 3631 'ita
352 3574 402 3645 F)
466 3579 475 3647 11
551 3576 664 3644 lexidia]
698 3601 729 3620 =
761 3593 780 3627 κ
807 3573 1009 3643 &Sarmatam
1035 3574 1132 3629 Douea
1156 3575 1173 3628 l.
1201 3575 1218 3627 l.
1244 3573 1283 3627 erl.

118 3664 294 3732 Fraacofurt.
307 3681 333 3717 a.
348 3665 438 3731 ltioll:
456 3665 520 3733 lege
532 3664 590 3715 idio
606 3663 631 3715 Τ
640 3664 794 3715 lectitastie
812 3662 954 3714 lectitostis
968 3661 1065 3715 Dorcea
1076 3661 1092 3714 l.
1109 3661 1125 3715 l.
1135 3678 1160 3714 a.
1173 3661 1238 3715 1587
1274 3662 1283 3728 11

117 3753 268 3804 lexidiares
290 3749 345 3803 ΟΠ
359 3751 503 3803 lecidiares
529 3749 557 3803 Y
601 3750 610 3819 lt
656 3754 815 3802 restraetras
835 3748 862 3800 Z
884 3752 970 3800 restra
989 3753 1059 3799 etras
1081 3746 1165 3816 Ques
1183 3752 1283 3799 tractas

122 3838 147 3892 Τ
179 3838 189 3908 ΙΙ
224 3843 325 3908 tqatras
350 3835 378 3890 Y
410 3837 420 3905 ΙΙ
454 3836 500 3890 ult.
519 3839 557 3904 et]
576 3852 626 3889 om.
649 3833 706 3888 ΤΥ
738 3836 747 3903 ΙΙ
781 3836 816 3889 20
834 3851 929 3887 manes
948 3833 975 3887 Z
1014 3834 1022 3904 ll
1061 3835 1093 3887 21
1112 3836 1214 3902 inquit]
1234 3851 1284 3887 om.

122 3924 180 3979 ΤΥ
211 3925 220 3995 Η
255 3922 575 3993 musti(t)XmittilI
607 3924 616 3992 lt
651 3926 674 3990 (5
687 3924 714 3990 4)
732 3922 766 3975 23
784 3922 850 3989 uon]
869 3920 972 3989 llosQ
1006 3921 1015 3991 ΙΙ
1050 3920 1284 3972 hunehominem

117 4015 210 4082 inquit
228 4013 373 4065 fauorinus
396 4010 453 4063 ΤΥ
496 4010 506 4079 ΙΙ
552 4010 586 4062 24
605 4011 686 4079 hunc]
705 4015 770 4061 tuuc
789 4007 816 4060 Z
864 4008 873 4076 ΙΙ
927 4008 1059 4076 ἐπισήμως
1084 4007 1230 4075 μαίνεσθαι]
1254 4006 1286 4060 le:

118 4101 412 4153 Emeuualuuceal
431 4096 544 4152 ONTY
559 4096 754 4166 (HStephanus
772 4094 878 4148 admon.
897 4093 928 4147 de
946 4093 1015 4147 titul.
1033 4110 1090 4161 cap.
1108 4111 1134 4162 p.
1153 4094 1200 4163 633
1218 4110 1283 4163 spec.

117 4184 216 4240 owed.
230 4203 260 4254 p.
270 4186 304 4239 ul
315 4201 385 4253 eqq.,·
405 4184 556 4239 Salmasius
573 4200 655 4237 exerc.
667 4182 742 4237 Ptin.
751 4199 779 4250 p.
792 4181 844 4234 734
858 4180 896 4234 acl.
912 4181 988 4248 1629)
1007 4183 1284 4236 lllllClllllNECtlal.

119 4273 147 4327 Z
166 4275 462 4326 uulunulauluceal
482 4273 512 4324 Π
536 4273 750 4338 estpotestate
776 4271 897 4332 ἐπιεικῶς
926 4271 1064 4335 μαίνεσθαι
1093 4267 1285 4323 OFHerrnaan

118 4361 179 4431 allq.
200 4357 609 4428 Scaatzettun91830116,47
662 4358 670 4427 ll
721 4359 790 4425 opat.
812 4370 867 4408 vac.
891 4355 937 4408 rel.
961 4357 985 4408 et
1001 4353 1042 4407 lu'c
1060 4357 1086 4408 et
1098 4371 1149 4422 per
1162 4354 1285 4423 proxime

117 4471 173 4524 sqq.
195 4452 297 4507 Graeca
316 4468 365 4506 oris.
385 4451 415 4506 X
448 4451 458 4521 ll
491 4452 525 4505 25
543 4452 645 4522 inquit]
664 4469 714 4507 om.
738 4451 762 4504 Τ
794 4449 803 4518 ll
839 4453 866 4502 tei
889 4448 918 4503 Y
952 4452 961 4518 ll
1006 4450 1040 4504 26
1058 4442 1284 4507 uulauuolua.
