3046 5490
675 352 740 417 XV.
769 373 801 413 11.
1262 351 1323 418 225

160 523 284 582 sandam
312 523 374 583 vini
401 525 576 584 violentiam
604 542 704 602 neque
732 527 825 585 ullum
853 543 995 602 umquam
1018 527 1220 586 continentem
1241 545 1324 604 pror·

116 639 147 685 35
160 644 224 687 sum
247 645 282 686 ac
304 631 521 704 temperantem
543 628 617 689 satis
640 628 768 690 fideliter
782 631 879 689 risum
895 647 974 706 case,
990 629 1074 689 cuius
1089 630 1151 689 vita
1166 631 1326 710 rictusque
1428 628 1467 686 Τ

158 748 219 789 non
241 730 320 789 inter
340 731 408 806 ipsa
430 749 560 791 emorum
583 733 719 809 pericula
741 733 817 792 etin
832 733 940 792 mediis
955 732 1142 809 voluptatum
1164 734 1325 795 inlecebris

159 834 316 909 explorata
344 833 392 895 sit.
435 835 512 894 Nam
541 835 589 894 cui
616 835 760 895 libentiae
788 836 964 912 gratiaeque
994 853 1097 895 omnes
1121 837 1358 898 conviviorum?

158 935 328 1012 incognitae
352 937 412 996 sint
435 938 547 1013 quique
570 938 686 997 illarum
710 939 831 997 omnino
854 955 964 1015 expers
987 938 1036 1014 sit,
1059 939 1085 997 si
1103 956 1170 997 eum
1185 938 1263 998 torte
1286 939 1326 999 ad

158 1037 383 1114 participandas
413 1039 561 1099 eiusmodi
588 1041 761 1116 voluptates
790 1044 842 1099 aut
867 1040 1007 1099 voluntas
1034 1040 1137 1099 tulerit
1163 1044 1215 1100 aut
1237 1059 1326 1103 casus

115 1140 311 1200 soinduxerit
339 1146 390 1201 ant
416 1143 585 1202 necessitas
612 1143 800 1220 compulerit,
830 1142 956 1202 deleniri
982 1143 1160 1219 plerumque
1189 1149 1219 1203 et
1247 1147 1324 1223 capi,

158 1261 257 1319 neque
285 1249 415 1304 mentem
444 1246 636 1321 animumque
666 1247 730 1306 eius
759 1246 936 1323 consistere,
964 1245 1019 1305 sed
1040 1246 1071 1304 vi
1095 1246 1223 1322 quadam
1246 1267 1325 1308 nova

157 1345 248 1404 ictum
275 1347 441 1408 labascere.
493 1344 755 1424 Congrediendum
782 1347 873 1424 igitur
901 1347 1018 1407 censuit
1046 1352 1076 1407 et
1108 1353 1260 1425 tamquam
1292 1351 1358 1410 in8

159 1448 223 1506 acie
256 1449 386 1524 quadam
420 1468 486 1510 cum
518 1451 697 1527 voluptariis
729 1451 821 1510 rebus
854 1468 982 1526 cumque
1019 1451 1077 1510 ista
1109 1452 1172 1511 riui
1203 1453 1325 1514 licentia

159 1551 323 1611 comminus
357 1552 595 1629 dammandum,
628 1556 661 1612 ut
688 1552 848 1613 adversum
877 1571 929 1613 cas
956 1571 1017 1612 non
1047 1552 1119 1630 fuga
1147 1556 1239 1615 simus
1269 1557 1324 1616 tuti

116 1666 215 1712 atnec
242 1654 391 1730 absentia,
421 1655 476 1714 sed
502 1655 607 1732 vigore
637 1655 727 1715 animi
756 1661 786 1715 et
813 1656 965 1716 constanti
991 1657 1165 1733 praesentia
1186 1659 1322 1719 modera-

158 1760 252 1831 toque
284 1775 342 1816 usu
374 1760 601 1835 temperantiam
635 1759 911 1835 continentiamque
944 1763 1081 1818 tueamur
1113 1764 1143 1819 et
1176 1762 1323 1823 calefacto

159 1859 247 1918 simul
274 1860 436 1937 refotoque
464 1862 581 1939 animo,
609 1862 637 1921 si
667 1862 740 1937 quid
767 1862 798 1921 in
827 1879 863 1921 eo
891 1863 942 1921 vel
965 1861 1092 1938 frigidae
1114 1863 1251 1923 tristitiae
1274 1866 1325 1925 rel

143 1962 305 2038 torpentis
327 1963 527 2023 verecundiae
550 1963 649 2041 fuerit,
673 1964 838 2024 deluamus.

157 2201 359 2209 ψ...-

244 2386 469 2458 pauonum*

243 2502 277 2556 34
294 2501 364 2572 vini]
384 2504 443 2554 uim
463 2501 492 2551 Π
535 2500 544 2569 ll
591 2500 670 2553 illum
690 2497 778 2552 Maca.
796 2497 823 2552 B
831 2515 876 2566 pr.
928 2498 937 2568 ll
990 2499 1023 2551 35
1047 2498 1086 2566 sc]
1110 2504 1156 2550 aut
1180 2497 1267 2554 dlaer.
1315 2502 1324 2570 ll

158 2601 202 2651 cui
221 2597 308 2653 Mocr.
355 2596 364 2666 ll
411 2597 477 2666 vita]
496 2599 588 2648 uisum
606 2594 760 2662 (iteratum)
778 2596 839 2663 ipsa
863 2593 1043 2662 (ccc-proxime
1060 2608 1098 2660 sq.
1113 2591 1281 2664 petitionum
1315 2598 1325 2665 ΙΙ

157 2694 311 2762 victusque]
329 2693 482 2747 om.Macr.
517 2691 526 2761 ll
561 2691 595 2745 36
614 2691 806 2759 uoluptatibus
831 2689 877 2756 (od
901 2688 998 2742 mediis
1022 2688 1145 2756 relatum)
1170 2689 1198 2742 Y
1233 2690 1242 2759 {l
1283 2695 1322 2745 in-

158 2790 273 2842 celebris
292 2787 371 2857 Xpr.
417 2787 427 2857 l
474 2789 498 2854 (S
517 2787 543 2855 7)
563 2787 596 2842 37
613 2784 765 2857 cuiuoaX
809 2785 818 2854 ΙΙ
870 2783 904 2839 38
922 2787 1062 2852 expressit
1080 2783 1107 2836 Z
1126 2782 1238 2840 Siloam.
1263 2785 1323 2841 Vol.

158 2885 225 2938 3452
252 2884 261 2954 ll
296 2884 403 2952 Expers
422 2885 526 2936 sumai
545 2900 606 2935 cum
620 2884 653 2952 (?)
673 2882 946 2950 sorte-compulerit
964 2881 1021 2950 (lio.
1034 2881 1078 2950 40)
1096 2879 1198 2935 exbibet
1208 2886 1320 2951 excerpi.

157 2980 246 3034 Bruto.
286 2979 295 3049 ll
341 2979 416 3050 eum]
435 2996 495 3032 cum
517 2977 623 3047 Qch.
641 2978 803 3047 uduproec.
854 2979 863 3050 ll
918 2978 951 3032 39
970 2978 1127 3030 uoluntates
1146 2979 1323 3048 (proplcrsq.

157 3077 296 3146 voluntas)
316 3076 345 3127 Π
394 3075 403 3145 ll
458 3076 587 3144 uoluptas
615 3076 738 3144 (propter
759 3090 849 3143 praec.
877 3075 1044 3142 voluptates)
1072 3072 1159 3127 Macr.
1182 3072 1262 3142 Ppr.
1315 3075 1324 3144 ll

156 3172 191 3224 40
219 3178 311 3224 autruc
338 3173 450 3223 cessitas
483 3169 513 3223 X
563 3170 572 3239 ll
624 3171 766 3239 impulerit
790 3186 857 3222 mox
880 3170 995 3222 deleniri
1019 3170 1140 3236 (deliniri
1155 3169 1187 3237 p)
1212 3178 1238 3222 et
1261 3173 1323 3239 capi

158 3267 245 3320 Mae.
280 3266 289 3336 ll
325 3266 436 3318 deliniri
458 3264 539 3335 QXT
577 3265 586 3334 ll
626 3268 657 3320 41
680 3268 739 3318 eius
758 3268 937 3333 animumque
956 3263 1043 3318 Macr.
1084 3265 1094 3334 ll
1132 3268 1257 3318 asisteres
1277 3268 1323 3334 (sq.

156 3379 190 3417 sc.
209 3363 268 3433 sed)
289 3360 312 3430 Q
330 3363 497 3415 consistere*
517 3359 604 3415 Macr.
623 3360 651 3414 B
669 3362 837 3414 subsaistere
856 3362 885 3428 (t)
904 3358 986 3413 eistad.
1005 3357 1032 3411 P
1066 3358 1076 3428 ll
1112 3360 1159 3411 sed
1178 3360 1215 3427 vi]
1235 3375 1284 3414 om..
1296 3360 1326 3414 X

157 3464 184 3510 et
210 3461 238 3510 in
262 3457 293 3510 vZ
357 3458 366 3527 n
435 3457 483 3509 sed
511 3456 726 3525 ivi-labascere]
754 3471 804 3509 oca.
832 3453 987 3508 Macrobius
1048 3454 1056 3522 ΙΙ
1117 3453 1151 3505 42
1183 3454 1324 3507 labescerc

156 3553 218 3608 ΧΥ
238 3554 247 3623 Η
270 3554 411 3606 labascerc
424 3551 630 3621 egrediendum.
644 3552 732 3620 Igitur
748 3550 798 3618 QZ
819 3551 828 3619 {l
858 3553 882 3615 (§
901 3550 928 3618 8)
948 3547 995 3622 laq
1014 3548 1043 3602 X
1050 3565 1096 3617 pr.
1124 3547 1134 3617 li
1164 3549 1197 3602 43
1210 3550 1322 3617 quanda

156 3648 184 3702 X
205 3648 214 3719 ll
249 3651 288 3700 ita
309 3648 332 3717 Q
340 3665 385 3716 pr.
415 3648 424 3718 ll
459 3648 494 3700 44
512 3647 638 3699 comunis
658 3645 688 3699 X
694 3662 739 3713 pr.
775 3647 784 3715 ΙΙ
820 3645 1024 3698 decernendum
1043 3643 1323 3715 ait3aduotsulel

155 3744 287 3797 adversus
307 3741 394 3796 Macr.
441 3743 451 3810 ΙΙ
503 3743 571 3810 luga
589 3756 645 3792 non
665 3741 693 3794 Π
738 3741 747 3809 ΙΙ
799 3757 847 3793 nce
867 3741 1097 3793 absentissimus
1117 3741 1168 3790 tuti
1188 3737 1276 3793 Macr.
1313 3741 1322 3809 ll

154 3842 187 3894 45
206 3836 479 3908 ampliandas
505 3837 515 3905 ΙΙ
550 3833 804 3903 moderatioqch
811 3852 855 3903 pr.
882 3836 891 3904 ll
917 3837 951 3889 46
970 3834 1321 3903 continentiamquc]=q:

154 3979 391 4030 coutinentiamae
405 3976 434 4043 (a.
449 3973 548 4042 *sam
577 3974 586 4042 ll
621 3980 749 4026 tueamur·
767 3979 793 4025 te
811 3975 854 4040 (ex
873 3989 896 4026 c.
916 3973 932 4026 l.
952 3926 1079 4025 tueiamur
1097 3972 1196 4042 ortum)
1215 3973 1321 4043 .Ethl

155 4073 189 4124 47
206 4074 352 4140 reicioque
374 4069 397 4139 Q
415 4071 576 4138 refectoque
595 4069 625 4122 X
651 4070 844 4137 refectoqueq
869 4071 902 4134 (c.
922 4067 938 4121 l.
957 4085 1000 4136 ap.
1022 4067 1094 4136 Sar.)
1117 4066 1234 4136 idemque
1256 4072 1323 4123 cerie

154 4165 237 4221 voluit
255 4167 365 4219 resaecto
384 4163 553 4235 comipenscc
584 4164 593 4234 Ιῑ
630 4164 742 4234 frigidiq
761 4164 875 4233 tristicie
902 4163 929 4215 Y
966 4164 975 4233 ll
1015 4163 1048 4217 48
1069 4164 1278 4232 uerecondieQ
1312 4167 1321 4236 l}

154 4264 292 4316 diluamus
312 4263 341 4314 Π
352 4260 439 4314 Mocr.
459 4260 604 4312 deleamur
621 4258 653 4312 N
666 4262 692 4312 ct
708 4258 746 4312 aie
763 4262 811 4312 aul
830 4259 970 4310 diluamur
989 4277 1003 4311 σ
1026 4260 1099 4324 (mur
1122 4258 1158 4312 ad
1182 4260 1320 4313 diluemus

152 4359 264 4411 notatur
280 4355 309 4410 in
329 4375 356 4423 φ,
382 4372 464 4425 nepotc
487 4354 563 4408 alictii
589 4353 653 4423 quid
680 4353 826 4409 indicatum
851 4353 937 4422 fucrit
963 4353 992 4407 in
1012 4373 1034 4424 c,
1057 4371 1090 4407 ea
1107 4371 1158 4422 qam
1176 4356 1322 4408 deluamur

153 4454 233 4522 affert
248 4452 269 4522 i)
289 4454 434 4506 abluamus
454 4451 495 4505 Io.
516 4449 577 4504 Sar.
614 4452 622 4519 ll

216 4549 286 4588 nutus
301 4548 394 4588 aarum.
413 4547 440 4588 11.
736 4589 744 4598 ‚
1136 4522 1167 4573 15
