3046 5490
715 380 810 444 XVII.
843 398 873 441 v.
950 428 959 444 .
1318 374 1379 441 321

216 567 285 609 sese
308 551 376 626 ipsa
399 554 429 608 et
450 551 614 610 liberalitas
639 551 769 610 delectet
792 552 857 610 sine
880 551 941 608 ulla
962 550 1156 626 recipiendae
1177 552 1291 627 gratiae
1314 569 1385 627 pro·

168 667 204 711 40
218 654 381 731 curatione,
406 654 488 729 quod
504 663 550 713 est
566 655 696 713 omnium
712 654 805 714 ferme
819 646 1038 713 rarissimum?'
1078 652 1262 730 Argumenta
1284 659 1383 713 autem
1418 660 1435 716 5

215 757 359 816 censebat
393 761 444 816 aut
475 757 645 832 probabilia
680 774 749 817 esse
782 757 893 816 debere
927 761 978 816 aut
1010 757 1171 833 perspicua
1205 763 1235 815 et
1261 757 1382 816 minime

215 865 420 938 controversa,
444 860 536 935 idque
553 849 725 937 ‘apodixin'
749 861 851 920 vocari
874 860 1004 937 dicebat,
1030 877 1165 937 cumea,
1189 878 1268 936 quae
1291 859 1383 919 dubia

215 967 267 1021 aut
289 964 417 1022 obscura
440 968 518 1041 sunt,
546 981 602 1039 per
630 982 676 1042 ea,
707 981 786 1039 quae
814 963 954 1039 ambigua
983 981 1043 1022 non
1071 969 1149 1040 sunt,
1177 964 1382 1023 inlustrantur.

214 1066 325 1142 Atque,
348 1071 381 1124 ut
405 1067 578 1125 ostenderet
592 1065 744 1126 beneficos
760 1067 963 1142 liberalesque
980 1066 1019 1124 ad
1034 1065 1075 1143 id,
1100 1065 1183 1142 quod
1198 1065 1236 1124 de
1251 1065 1382 1125 amicitia
1416 1071 1435 1128 d

169 1181 203 1226 45
216 1174 426 1246 quaereretur,
455 1169 542 1244 quasi
571 1175 777 1244 argumentum
805 1170 1010 1245 exemplumve
1040 1169 1117 1227 sumi
1143 1185 1203 1226 non
1232 1172 1381 1245 oportere,

210 1261 357 1348 ‘eodem’,
391 1271 504 1347 inquit,
533 1263 706 1330 ‘simulacro
737 1269 904 1346 eademque
937 1270 1062 1329 rationis
1091 1270 1220 1344 imagine
1251 1270 1383 1328 amicitia

214 1374 342 1432 invicem
369 1392 425 1450 pro
455 1379 629 1450 argumento
660 1374 737 1433 sumi
764 1377 883 1452 potest,
913 1375 939 1432 si
968 1373 1036 1449 quis
1065 1371 1215 1450 adfirmet,
1244 1372 1381 1432 homines

213 1475 367 1535 beneficos
389 1476 592 1552 liberalesque
616 1494 685 1535 esse
704 1476 826 1554 debere,
849 1495 909 1535 non
933 1493 988 1552 spe
1012 1476 1114 1550 aliqua
1129 1474 1312 1552 compendii,
1335 1481 1382 1534 set

215 1597 316 1638 amore
340 1583 370 1637 et
392 1579 492 1638 studio
515 1578 694 1639 honestatis.
738 1580 854 1639 Poterit
883 1579 961 1638 enim
984 1578 1179 1638 consimiliter
1206 1579 1249 1637 ita
1270 1578 1380 1640 dicere.
1417 1584 1433 1640 1

169 1684 366 1760 eoNamque,
388 1686 420 1741 ut
443 1683 602 1742 amicitiam
624 1702 685 1743 non
708 1701 763 1759 spe
784 1682 922 1742 utilitatis
945 1682 1161 1759 amplectimur,
1190 1682 1233 1741 sic
1255 1679 1382 1740 benefici

213 1786 419 1861 liberalesque
440 1789 502 1844 non
517 1787 630 1861 gratiae
645 1785 861 1862 reciperandae
877 1785 976 1845 studio
993 1802 1062 1845 esse
1078 1784 1233 1845 debemus.
1266 1783 1382 1842 Poterit
1416 1789 1434 1846 8

215 1880 314 1966 sane',
344 1888 462 1965 inquid,
485 1881 542 1946 ‘ita
571 1888 681 1967 dicere,
710 1888 765 1949 sed
793 1906 893 1964 neque
921 1889 1052 1947 amicitia
1079 1887 1253 1946 liberalitati
1280 1903 1381 1962 neque

213 1992 381 2052 liberalitas
404 1992 553 2051 amicitiae
574 1993 721 2067 praebere
744 1997 949 2068 argumentum
971 1996 1085 2069 potest,
1108 2009 1175 2050 cum
1193 1990 1230 2049 de
1253 1995 1381 2065 utraque

214 2095 327 2171 pariter
349 2087 532 2171 quaeratur'.

168 2226 201 2272 55
300 2214 383 2273 Haec
405 2215 455 2272 ille
478 2214 645 2273 rhetoricus
668 2214 778 2274 artifex
799 2214 899 2274 dicere
916 2212 1096 2289 quibusdam
1110 2213 1270 2272 videbatur
1283 2215 1380 2289 perite
1416 2219 1434 2276 5

214 2321 245 2376 et
271 2316 410 2393 scienter,
433 2316 488 2375 scd
516 2317 657 2376 videlicet
687 2334 753 2375 eum
782 2317 930 2376 vocabula
958 2333 1055 2374 rerum
1082 2333 1154 2375 uera
1181 2316 1379 2390 ignoravisse.

212 2419 292 2477 Nam
308 2411 491 2479 ‘beneficum
515 2425 545 2478 et
565 2413 733 2478 liberalcm’
759 2418 895 2478 Cicero
920 2420 1063 2496 appellat,
1087 2419 1129 2476 ita
1149 2423 1183 2476 ut
1204 2418 1380 2494 philosophi
1399 2423 1432 2481 ld

214 2521 427 2598 appellandum
455 2539 523 2581 csse
552 2529 686 2600 censent,
720 2541 781 2581 non
809 2540 886 2600 eum,
916 2522 978 2599 qui,
1000 2526 1033 2579 ut
1062 2521 1129 2597 ipse
1152 2522 1203 2598 ait,
1232 2519 1379 2580 beneficia

214 2625 395 2702 faeneratur,
418 2624 474 2684 scd
497 2625 548 2700 qui
570 2625 700 2700 benigne
724 2624 806 2702 iacit,
829 2625 911 2683 nulla
926 2625 1034 2682 citatus
1049 2625 1165 2682 ratione
1181 2623 1220 2683 ad
1235 2623 1379 2683 utilitates

168 2740 203 2786 oo
215 2746 287 2787 suas
309 2727 505 2787 redundante.
550 2729 620 2786 Non
650 2745 720 2803 ergo
751 2726 879 2786 obscuro
908 2745 1008 2802 neque
1036 2727 1175 2802 ambiguo
1205 2731 1378 2802 argumento
1400 2731 1428 2788 11

213 2848 286 2890 usus
310 2835 365 2908 est,
389 2830 444 2889 sed
468 2835 548 2889 certo
573 2835 664 2906 atque
687 2831 858 2908 perspicuo,
883 2829 1042 2906 siquidem,
1067 2830 1118 2905 qui
1140 2847 1210 2888 vere
1225 2827 1378 2889 beneficus

212 2931 408 3008 liberalisque
425 2937 480 3011 est,
498 2951 558 3009 qua
572 2938 670 2992 mente
683 2934 760 2993 bene
777 2937 828 2992 aut
843 2933 1006 2992 liberaliter
1022 2930 1122 3009 iaciat,
1138 2951 1198 2991 non
1215 2933 1379 3008 quaeritur.

214 3128 417 3137 --—-——.

305 3246 470 3316 ozxouu

298 3349 331 3402 39
349 3348 423 3419 iiiam
441 3349 468 3403 Z
501 3351 510 3419 11
545 3351 568 3419 (§
587 3353 613 3421 5)
634 3352 667 3404 42
686 3357 865 3404 controuerso
886 3349 915 3404 X
922 3367 966 3418 pr.
1002 3349 1012 3419 11
1048 3350 1151 3419 apodix
1170 3352 1340 3421 inuocariQ
1369 3353 1378 3422 11

210 3436 246 3489 43
264 3436 445 3489 inlustrantur
464 3443 519 3507 atq,
538 3437 568 3491 iu
585 3453 673 3492 raaz
719 3438 728 3506 11
774 3439 797 3505 13
817 3437 895 3505 6144
914 3438 1058 3490 benefitios
1078 3436 1104 3488 Z
1146 3439 1155 3506 11
1208 3440 1241 3490 45
1260 3446 1378 3506 oportet.

213 3523 238 3592 Q
273 3524 282 3593 11
317 3524 350 3576 46
369 3524 537 3577 simulachro
557 3523 588 3577 N
612 3525 780 3577 simulacrho
800 3523 828 3576 Z
852 3529 1015 3592 argumento
1038 3523 1074 3577 al.
1095 3541 1130 3578 m.
1148 3524 1233 3578 adcor.
1253 3543 1271 3590 φ
1291 3528 1332 3591 (²
1349 3525 1378 3592 sa

210 3608 344 3678 ornabo)
361 3609 505 3678 ofiliuaq.
541 3611 550 3680 11
586 3616 612 3662 et
632 3609 728 3662 cadem
748 3608 863 3663 XOHN
895 3610 904 3679 11
939 3610 972 3663 47
991 3610 1139 3680 estimetQ
1172 3612 1182 3680 11
1218 3611 1251 3665 48
1264 3612 1378 3680 speciali

211 3695 307 3766 quaZ
331 3696 340 3765 11
368 3696 610 3766 cdpeudiisdQZ
627 3697 765 3765 conpendi
783 3700 824 3749 isc
842 3698 869 3764 (d
889 3696 1117 3766 inflammaram)
1136 3694 1165 3748 X
1192 3695 1201 3764 11
1230 3696 1264 3749 49
1283 3702 1378 3750 amore

210 3781 239 3837 Z
271 3783 281 3852 11
317 3785 340 3848 (5
359 3783 386 3849 7)
405 3783 433 3834 id
453 3783 580 3836 addicere
598 3782 677 3852 (quod
694 3781 885 3850 quodammodo
903 3783 1006 3851 defendi
1026 3781 1113 3851 poaad
1128 3782 1184 3835 coll.
1203 3780 1238 3835 P.
1257 3781 1294 3835 D.
1313 3798 1334 3836 a.
1353 3800 1377 3836 a.

210 3869 340 3922 addicere
353 3885 383 3937 p.
405 3868 445 3938 13,
463 3870 479 3922 2
499 3869 548 3934 M.
575 3873 606 3923 at
631 3870 665 3937 cf.
683 3868 731 3923 liu.
751 3869 794 3938 52)
816 3868 839 3938 Q
862 3869 890 3921 id
910 3871 1018 3922 adicere
1037 3870 1064 3923 Z
1114 3869 1123 3937 11
1176 3870 1293 3938 50110111
1312 3887 1377 3923 nam

209 3957 462 4024 (praeconemque)
482 3956 509 4010 Z
559 3956 568 4027 11
621 3973 687 4024 sape
706 3957 742 4026 (e)
761 3954 791 4009 X
833 3957 842 4026 11
888 3956 1037 4024 5ρ1ε11111111
1055 3955 1085 4009 Χ
1129 3956 1138 4025 11
1185 3957 1235 4023 sic]
1256 3972 1277 4021 s,
1296 3955 1323 4009 Z
1369 3958 1378 4027 11

210 4044 241 4095 51
267 4035 439 4113 liberiesque
464 4042 542 4111 Xpr.
595 4044 605 4112 11
657 4043 722 4112 uon]
746 4058 865 4110 speum
917 4043 926 4112 11
978 4040 1378 4111 recuperandamque.

211 4129 371 4198 recipienda}
390 4128 416 4197 (e
435 4129 471 4196 Z)
491 4129 547 4183 ZN
588 4130 597 4198 11
645 4134 669 4194 15
688 4129 766 4198 8153
785 4130 931 4199 amicitiae]
952 4132 1076 4181 amicicia
1095 4128 1121 4181 Ζ
1154 4128 1163 4198 11
1208 4129 1378 4199 utraque]Q

210 4212 392 4283 (Lonliua):
410 4220 530 4282 utroque
559 4217 569 4285 11
603 4218 628 4281 (§
643 4217 684 4282 101
703 4216 736 4268 57
749 4217 913 4268 beneficium
925 4213 1091 4284 QZXpr.ll
1125 4214 1133 4283 11
1171 4215 1376 4284 apuliaque)-

210 4317 272 4352 esee
298 4299 329 4353 in
354 4317 405 4370 mp.
431 4300 492 4354 add.
519 4319 539 4355 ae
591 4303 600 4372 11
653 4302 685 4356 58
712 4302 959 4370 ait—argumento]
986 4301 1022 4355 al.
1049 4317 1084 4354 m.
1111 4300 1211 4368 scripto
1238 4299 1267 4353 in
1291 4301 1318 4354 Z
1368 4303 1378 4373 11

209 4387 244 4439 59
263 4386 369 4438 nullate
387 4389 441 4439 cita
460 4387 489 4440 X
539 4389 548 4457 11
601 4390 711 4455 citatus]
731 4388 761 4441 b:
784 4391 864 4440 citatc
886 4386 909 4456 Q
932 4390 1012 4439 citatc
1032 4405 1047 4455 q
1070 4390 1152 4440 tacita
1169 4385 1226 4440 rell.
1244 4390 1377 4442 incitandi

211 4473 253 4526 vel
270 4475 398 4527 incitatus
420 4472 572 4527 Salmaeiua
606 4474 615 4543 11
651 4474 793 4544 1511160
810 4473 911 4542 neque]
930 4480 1013 4543 atque
1034 4474 1063 4525 Π
1094 4473 1103 4543 11
1138 4474 1170 4528 61
1189 4475 1353 4543 pspipqu
1368 4476 1378 4545 11

276 4568 345 4609 Aulus
360 4569 453 4610 Gellius.
472 4570 500 4609 11.
1191 4577 1221 4629 21
